3450 5717
763 825 770 833 ·
864 809 994 874 512
1643 818 1999 871 msnmx
2043 806 2164 890 (1)).

864 1008 904 1034 “
941 1004 1139 1061 Sancti
1179 1004 1412 1067 Albani,
1456 1010 1515 1060 et
1550 1003 1815 1076 ejusdem
1855 1005 1971 1061 loci
2014 1004 2367 1069 Conventus,
2409 1021 2543 1059 cum
2581 1004 2739 1060 omni
2774 1004 2973 1060 humi·

865 1092 904 1116 “
941 1089 1105 1145 litate
1154 1095 1216 1144 et
1261 1088 1589 1152 devotione,
1645 1095 1920 1144 aeternam
1976 1089 2040 1144 in
2088 1088 2340 1143 Domino
2390 1089 2661 1144 salutem.
2760 1084 2973 1161 Regiae

865 1177 902 1201 “
940 1172 1316 1229 Excellentiae
1338 1178 1553 1229 vestroe
1577 1172 1897 1229 Dominum
1914 1172 1955 1228 J
1955 1172 2263 1237 ohannem,
2281 1172 2554 1228 Priorem
2568 1173 2642 1228 de
2661 1172 2973 1237 Hertford‚

866 1261 903 1284 “
940 1257 1134 1312 virum
1169 1256 1445 1312 idoneum
1470 1262 1530 1311 et
1551 1255 1877 1322 honestum,
1907 1273 2102 1328 quem,
2131 1255 2203 1312 de
2238 1256 2607 1328 benignitate
2632 1262 2697 1312 et
2727 1256 2976 1313 licentia

867 1344 904 1368 ‘⁸
942 1347 1141 1396 vestra
1163 1340 1330 1395 nobis
1356 1357 1652 1406 concessa,
1678 1341 1744 1395 in
1765 1346 1993 1413 patrem
2017 1339 2186 1396 nobis
2212 1340 2523 1412 elegimus,
2552 1346 2615 1396 et
2646 1347 2971 1412 pastorem,

868 1427 906 1451 ‘⁸
943 1430 1364 1496 praesentamus
1382 1445 1403 1488 ς
1462 1441 1598 1480 cum
1652 1425 1814 1479 omni
1863 1424 2197 1480 humilitate
2265 1431 2327 1479 et
2385 1423 2693 1480 devotione
2746 1425 2974 1497 suppli-

868 1510 906 1535 “
944 1514 1164 1574 cantes,
1206 1513 1495 1580 quatenus
1542 1524 1614 1562 ex
1653 1509 1856 1564 innata
1892 1506 2058 1563 vobis
2096 1506 2480 1579 benignitate,
2521 1507 2811 1580 solitaque
2850 1509 2970 1563 cle-

868 1595 906 1619 “
944 1593 1164 1647 mentia
1210 1609 1354 1663 erga
1398 1609 1506 1647 nos
1543 1598 1604 1647 et
1657 1592 1969 1648 ecclesiam
2003 1598 2265 1648 nostram
2300 1596 2581 1662 concepta
2639 1598 2700 1648 et
2744 1592 2964 1656 habita,

869 1679 906 1703 “
945 1675 1170 1731 dictum
1208 1675 1248 1729 J
1249 1675 1554 1740 ohannem,
1598 1674 1855 1731 electum
1889 1681 2174 1742 nostrum,
2221 1675 2284 1730 in
2322 1676 2580 1746 gratiam
2621 1676 2963 1747 recipiatis3

868 1762 907 1786 ‘⁶
940 1765 1204 1814 vestrum
1246 1758 1436 1813 eidem
1475 1759 1805 1824 consilium,
1844 1759 2148 1824 auxilium,
2203 1763 2263 1814 et
2317 1759 2601 1824 favorem,
2643 1759 2872 1824 divium,
2911 1760 2965 1815 si

869 1844 907 1869 “
945 1843 1159 1914 placet,
1198 1842 1417 1898 intuitu
1453 1842 1712 1914 pietatis,
1754 1842 2175 1915 impendentes
2252 1842 2485 1908 Valeat,
2514 1847 2565 1897 et
2587 1843 2847 1899 coetera.’'

903 1999 1112 2057 Scribit
1145 2000 1428 2057 Dominus
1463 2001 1582 2057 Rex
1615 2001 1860 2057 Domino
1900 2001 2094 2072 Pas-pce,
2126 2018 2235 2074 pro
2258 2000 2437 2066 nobie,
2476 2001 2543 2056 in
2577 2000 2671 2056 hoc
2691 2002 2918 2073 neqotio.

938 2119 1222 2177 Dominus
1259 2128 1456 2179 autem
1492 2122 1636 2187 Rex,
1671 2140 1806 2177 cum
1840 2122 1952 2178 hoc
1988 2122 2269 2188 audisset,
2310 2129 2372 2179 et
2405 2120 2812 2194 perpendisset,
2832 2140 2963 2194 pro-

868 2222 1138 2275 gressum
1172 2212 1439 2261 nostrum
1489 2205 1824 2262 ordinatum
1881 2210 1939 2261 et
1990 2206 2295 2269 humilem,
2350 2222 2468 2262 non
2520 2211 2749 2262 tantum
2799 2207 2968 2261 nobis

868 2308 1043 2345 suum
1078 2290 1339 2345 favorem
1376 2290 1720 2361 impertivit,
1761 2295 1822 2344 et
1849 2290 2150 2361 juvamen,
2203 2291 2401 2353 immo,
2457 2288 2710 2345 Domino
2764 2288 2963 2361 Papoe,

869 2379 929 2428 et
962 2373 1168 2430 amicis
1205 2374 1330 2430 suis
1365 2373 1428 2429 in
1465 2370 1648 2430 Curia
1682 2373 1965 2438 Romana,
2003 2391 2111 2446 pro
2146 2373 2314 2429 nobis
2352 2374 2606 2445 scripsit,
2647 2375 2735 2430 sic
2753 2394 2840 2429 2—-

943 2461 980 2484 “
1020 2457 1363 2514 Reverendo
1398 2457 1667 2523 Domin0,
1727 2463 1790 2513 et
1838 2458 2007 2531 Patri
2056 2458 2119 2513 in
2171 2458 2411 2514 Christo
2460 2458 2786 2523 carissime,
2828 2457 2974 2513 Gre-

872 2544 910 2569 “
950 2543 1134 2612 gorio,
1174 2541 1289 2597 Dei
1324 2541 1534 2613 gratia,
1578 2540 1822 2597 Summo
1848 2540 2147 2607 Pontifici,
2176 2542 2490 2607 Henricus,
2531 2541 2736 2597 eadem
2760 2542 2972 2612 gratia,

874 2626 911 2652 “
949 2625 1075 2680 Rex
1110 2623 1364 2696 Angliae,
1404 2629 1454 2680 et
1492 2629 1703 2689 ooetem,
1747 2625 2015 2689 salutem,
2056 2631 2116 2680 et
2154 2631 2279 2680 tam
2315 2625 2585 2681 devotam
2609 2640 2788 2697 quam
2812 2625 2971 2680 debi-

874 2712 913 2737 “
950 2716 1073 2764 tam
1109 2710 1172 2763 in
1206 2708 1475 2764 omnibus
1511 2715 1674 2765 tanto
1710 2708 1965 2766 Domino
2001 2715 2061 2764 et
2096 2707 2263 2765 Patri
2298 2709 2706 2765 reverentiam.
2778 2708 2971 2763 Nove-

875 2796 912 2821 “
950 2792 1034 2847 rit
1083 2798 1285 2848 sancta
1334 2793 1656 2864 paternitas
1693 2799 1913 2858 vestra,
1952 2810 2060 2849 nos
2098 2792 2370 2848 electioni
2419 2793 2587 2849 factae
2637 2791 2712 2847 de
2762 2792 2969 2849 Fratre

875 2879 914 2904 “
953 2875 993 2929 J
995 2875 1218 2930 ohanne
1255 2875 1327 2931 de
1364 2875 1670 2941 Hertford,
1710 2877 1993 2932 monacho
2072 2876 2273 2932 Sancti
2308 2876 2544 2941 Albani,
2583 2877 2648 2932 iu
2680 2876 2971 2933 Abbatem

874 2962 912 2986 “
954 2958 1153 3015 Sancti
1187 2958 1420 3023 Albani,
1457 2960 1692 3030 regium
1729 2960 2069 3016 adhibuisse
2104 2962 2365 3016 favorem
2401 2967 2463 3016 et
2496 2978 2815 3016 assensum.
2890 2961 2970 3016 Et

875 3046 913 3070 ‘⁴
951 3043 1094 3114 quia
1151 3042 1227 3097 ad
1283 3041 1496 3098 Sedem
1554 3043 1959 3116 Apostolicam
1995 3044 2334 3100 immediate
2390 3050 2619 3117 spectat
2669 3044 2969 3100 electionis

876 3130 913 3155 “
951 3126 1244 3199 praedictae
1298 3126 1678 3192 confirmatiO,
1723 3127 1834 3183 hoc
1877 3133 2093 3184 sanctae
2132 3122 2487 3184 Paternitati
2540 3134 2750 3184 vestrae
2803 3129 2971 3184 duxi-

877 3215 914 3239 “
951 3229 1083 3267 mus
1124 3211 1504 3282 praesentium
1542 3218 1745 3267 tenore
1769 3210 2253 3283 significandum;
2310 3212 2518 3268 devote
2555 3212 2969 3286 supplicantes,

878 3298 915 3323 “
955 3301 1241 3366 quatenus
1286 3293 1476 3350 eidem
1533 3294 1810 3351 electioni
1852 3313 2067 3352 munus
2110 3295 2571 3352 confirmationis
2626 3296 2971 3368 dignemini,

877 3382 915 3407 “
955 3379 1007 3434 si
1047 3380 1258 3451 placet,
1304 3378 1710 3435 favorabiliter
1748 3379 2104 3451 impendere.
2200 3378 2374 3437 Teste
2411 3380 2778 3452 memetipso,
2818 3379 2977 3453 apud

879 3465 916 3490 ‘⁴
953 3462 1289 3527 Abendone‚
1330 3462 1521 3535 primo
1569 3462 1666 3518 die
1706 3460 1954 3535 Aprilis,
1997 3482 2146 3520 anno
2170 3466 2343 3536 regni
2367 3465 2486 3521 mei
2507 3464 2975 3521 nono-decim0.”

874 3626 1036 3691 Item,
1078 3626 1307 3681 Litteras
1347 3625 1585 3682 Domini
1621 3626 1794 3697 Reqie
1835 3625 1915 3681 ad
1940 3626 2155 3765 laemicos
2187 3646 2321 3683 suos
2367 3627 2434 3683 ‘bn
2471 3627 2654 3684 Cur-ia
2687 3627 2969 3692 Bonnam,

1762 3729 1873 3781 pro
1908 3730 1935 3765 e
1989 3715 2070 3766 cto

973 3818 1367 3876 ‘Venerabili
1404 3819 1469 3875 in
1510 3818 1749 3876 Christo
1788 3820 1977 3885 Patri,
2028 3826 2089 3877 et
2135 3821 2323 3895 amico
2361 3822 2697 3895 specialiter
2734 3821 2973 3885 dilecto,

903 3903 1041 3967 ‘J.‚
1081 3902 1196 3958 Dei
1232 3902 1444 3974 gratia,
1466 3902 1641 3957 titulo
1682 3902 1911 3959 Sanctae
1935 3890 2237 3971 Praxedis,
2264 3905 2621 3977 Presbytero
2645 3904 2970 3968 Cardinali,

879 3990 917 4014 ‘⁸
956 3987 1271 4052 Esuriens,
1337 3985 1446 4041 Dei
1505 3986 1722 4057 gratia,
1786 3987 1914 4042 Rex
1969 3987 2224 4060 Angliae,
2280 3993 2331 4044 et
2382 3995 2596 4046 oaetera.
2690 3988 2973 4058 Quotiens

881 4073 918 4098 “
955 4071 1267 4142 ingruente
1306 4069 1658 4125 necessitate
1698 4087 1806 4126 nos
1851 4072 2142 4142 contingit
2201 4090 2309 4144 pro
2345 4073 2564 4130 nostris
2619 4073 2717 4130 vel
2762 4071 2974 4128 alienis

881 4158 918 4183 “
955 4155 1210 4227 negotiis
1250 4153 1607 4226 Apostolicoe
1652 4154 1836 4211 Sedes
1876 4155 2194 4228 immorare
2236 4157 2586 4223 subsidium,
2641 4157 2718 4213 ad
2767 4174 2977 4212 eorun-

879 4243 918 4267 “
957 4238 1092 4295 dem
1136 4239 1510 4310 negotiorum
1548 4238 1976 4311 expeditionem
2022 4246 2223 4296 vestra
2276 4240 2444 4297 nobis
2505 4241 2837 4298 necessaria
2880 4248 2979 4296 est

881 4326 920 4351 “
957 4322 1287 4396 diligentia,
1331 4339 1506 4394 quam
1545 4322 1608 4376 in
1648 4323 1918 4379 omnibus
1957 4324 2147 4380 vestri
2184 4325 2380 4396 gratia
2429 4325 2596 4381 nobis
2655 4324 2974 4380 recolimus

879 4410 919 4434 ‘⁶
957 4408 1318 4463 subvenisse.
1394 4406 1545 4462 Cum
1585 4405 1774 4477 igitur
1813 4407 2081 4463 electioni
2118 4408 2287 4465 factoe
2329 4408 2402 4465 de
2443 4408 2654 4465 Fratre
2686 4408 2725 4464 J
2727 4408 2970 4473 ohanne,

881 4494 919 4519 “
955 4493 1236 4548 monacho
1277 4490 1476 4548 Sancti
1515 4490 1751 4556 Albani,
1802 4491 1867 4546 in
1906 4491 2196 4548 Abbatem
2251 4492 2515 4565 ejusdem
2553 4494 2689 4558 loci,
2741 4492 2974 4564 regium

1420 4726 1437 4760 ¹
1460 4727 1518 4777 de
1544 4726 1732 4778 Sancto
1755 4727 1967 4789 Albano,
1988 4728 2042 4780 in
2064 4728 2254 4781 Wats's
2273 4733 2399 4779 text.
