3450 5717
1119 857 1544 914 Mons-rm
1586 856 1833 911 amen
1876 857 2154 912 ALBAm.
2552 845 2682 910 208

587 1047 627 1072 “
665 1044 884 1100 functis
908 1041 1038 1100 dari
1073 1042 1280 1108 solent,
1320 1046 1383 1099 et
1416 1043 1480 1099 in
1513 1047 1869 1115 perpetuum
1891 1044 2000 1116 pro
2025 1041 2352 1101 Abbatibus
2384 1042 2687 1099 morituris

588 1132 627 1157 ‘⁶
665 1128 978 1193 dabuntur,
1018 1145 1154 1184 cum
1198 1127 1609 1200 procuratione
1645 1126 1834 1198 Regis
1871 1126 2059 1193 Offaes
2078 1133 2139 1185 et
2184 1127 2371 1200 Regis
2418 1126 2684 1192 Henrici,

589 1217 627 1242 ‘⁴
666 1219 728 1271 et
746 1212 997 1271 Adriani
1018 1212 1218 1284 Papae,
1246 1229 1425 1285 quam
1459 1211 1578 1269 cito
1601 1211 1962 1278 vacaverint,
2004 1229 2140 1269 cum
2172 1213 2408 1285 potibus
2445 1218 2507 1270 et
2540 1211 2688 1268 cibis

589 1300 628 1327 “
666 1297 742 1354 ad
788 1295 1026 1353 easdem
1060 1296 1502 1368 procurationes
1545 1294 1863 1368 deputatis.
1944 1296 2024 1353 Et
2064 1296 2246 1354 donec
2284 1302 2514 1363 vacent,
2554 1314 2687 1369 per·
2755 1318 2999 1364 1183-95.

591 1384 630 1410 “
667 1382 889 1454 cipient
946 1380 1020 1439 de
1087 1379 1347 1436 Oellario
1404 1386 1607 1438 nostro
1671 1386 1927 1452 quatuor
1988 1398 2189 1454 panes,
2253 1385 2316 1438 et
2371 1399 2557 1438 unum
2617 1379 2690 1436 de

591 1469 631 1495 “
673 1464 978 1539 Sopwelle,
1041 1463 1245 1538 quales
1305 1464 1479 1521 modo
1537 1465 1892 1538 percipiunt,
1932 1470 1995 1521 et
2053 1464 2297 1521 eandem
2356 1481 2694 1521 mensuram

592 1554 631 1580 ‘⁴
671 1554 687 1586 ¹
708 1550 992 1616 cervisioe,
1044 1555 1106 1606 et
1150 1548 1377 1606 fercula
1423 1548 1496 1605 de
1547 1550 1817 1621 coquina.
1918 1548 2331 1607 Ooncessimus
2382 1550 2560 1607 etiam
2607 1550 2694 1604 eis

595 1638 634 1664 “
671 1635 930 1708 primum
1000 1651 1214 1706 panem
1271 1639 1334 1692 et
1392 1632 1669 1690 ultimum
1738 1633 1812 1690 de
1873 1634 2140 1707 qualibet
2211 1635 2441 1691 somata
2515 1634 2696 1690 curias

595 1723 634 1750 ‘⁸
673 1728 905 1786 nostrae,
957 1721 1021 1775 in
1064 1726 1443 1794 perpetuum.
1551 1720 1631 1777 Et
1676 1721 1878 1794 quiete
1933 1720 2158 1778 molant
2204 1721 2468 1793 qualibet
2516 1721 2697 1794 septi-

597 1810 636 1834 “
673 1823 848 1862 mana
908 1815 1083 1861 unam
1130 1823 1425 1862 summam
1472 1805 1545 1861 de
1591 1805 1919 1877 yvernagio
1967 1804 2045 1861 ad
2092 1804 2494 1864 molendinum
2542 1805 2699 1879 quod

597 1893 637 1919 ‘⁶
674 1894 917 1947 vocatur
944 1892 959 1917 ‘
979 1888 1373 1954 Dichmulne,'
1400 1895 1460 1945 et
1488 1888 1738 1945 alteram
1774 1906 2067 1945 summam
2096 1889 2168 1944 de
2191 1889 2389 1946 brasio
2425 1889 2501 1946 ad
2525 1889 2699 1946 Malt-

596 1977 636 2004 “
673 1974 891 2029 mulne.
1008 1972 1090 2029 Et
1162 1973 1304 2043 quia
1349 1972 1614 2029 caritatis
1681 1971 2023 2029 mandatum
2080 1972 2270 2029 latum
2327 1972 2506 2031 nimis
2588 1981 2698 2039 est,

599 2062 638 2089 ‘⁶
676 2058 865 2131 ipsius
888 2057 1106 2115 intuitu
1129 2075 1308 2130 opera
1341 2058 1578 2130 pietatis
1616 2057 1779 2113 circa
1805 2056 2120 2129 praedictas
2144 2058 2407 2114 infirmas
2430 2059 2702 2115 foeminas

600 2146 638 2171 “
677 2142 1012 2206 dilatamus,
1070 2140 1414 2213 adjicientes
1462 2146 1524 2198 et
1570 2140 1976 2206 concedentes,
2028 2146 2097 2197 ut
2144 2141 2428 2212 quaslibet
2465 2143 2704 2198 illarum

599 2230 640 2257 “
677 2227 891 2283 habeat
940 2243 1121 2282 unam
1155 2232 1419 2282 veterem
1465 2224 1777 2298 pelliceam
1811 2217 2083 2281 monachi
2119 2226 2373 2299 singulis
2421 2226 2607 2292 annis,
2648 2232 2708 2283 et

601 2315 641 2340 “
679 2313 941 2369 froccum
962 2327 1167 2376 unum,
1193 2327 1383 2382 usque
1408 2308 1484 2366 ad
1517 2327 1832 2366 numerum
1856 2308 2190 2366 tresdecim.
2265 2310 2346 2367 Et
2367 2316 2437 2368 ut
2456 2310 2709 2368 habeant

601 2400 642 2425 ‘⁸
681 2396 1113 2467 eleemosynam
1160 2394 1328 2451 illam
1380 2411 1558 2465 quam
1607 2392 1930 2450 Gauii-idus
1977 2393 2180 2451 Abbas
2241 2393 2407 2452 dedit
2454 2394 2704 2461 flumine,

602 2483 618 2508 ⁶
681 2478 1066 2555 provendario
1133 2495 1239 2535 suo
1252 2500 1271 2543 3
1336 2478 1583 2546 scilicet,
1640 2482 1763 2535 tres
1821 2477 2092 2535 denarios
2159 2478 2319 2535 omni
2385 2480 2711 2551 septimana

604 2567 644 2595 ‘³
680 2581 789 2636 per
836 2580 1053 2619 annum
1079 2553 1176 2619 ‘de
1223 2562 1498 2619 theloneo
1544 2560 1705 2619 villae
1760 2560 1962 2618 Sancti
2010 2560 2244 2618 Albani.
2321 2562 2708 2620 Ooncedimus

603 2651 645 2677 ‘⁶
686 2665 938 2721 quoque,
990 2646 1210 2704 intuitu
1271 2645 1488 2703 divinus
1546 2645 2058 2713 remunerationis,
2100 2652 2171 2703 ut
2229 2645 2600 2719 Capellanus,
2650 2653 2712 2705 et

604 2734 646 2760 “
684 2732 935 2789 clericus
960 2731 1110 2805 ejus,
1151 2731 1255 2802 qui
1292 2730 1558 2787 ecclesiae
1598 2729 1831 2786 Sanctae
1869 2729 2076 2786 Mariae
2113 2730 2185 2786 de
2211 2731 2392 2788 Prato
2430 2731 2707 2798 servient,

607 2818 647 2845 “
685 2816 992 2873 honestam
1026 2814 1513 2872 sustentationem
1548 2813 1622 2871 de
1659 2813 1833 2870 domo
1864 2820 2068 2870 nostra
2101 2815 2462 2887 percipiant,
2506 2816 2712 2889 Capel-

606 2902 648 2929 “
685 2900 877 2967 lanus,
916 2899 1214 2964 videlicet,
1267 2917 1452 2954 unum
1499 2915 1712 2970 panem
1760 2898 2051 2964 monachi,
2102 2904 2165 2955 et
2210 2898 2355 2956 duas
2405 2918 2711 2958 mensuras

604 2989 648 3015 “
687 2983 991 3042 ¹cervisiae
1027 2983 1463 3049 monachorum,
1505 2988 1567 3039 et
1601 2981 1719 3040 duo
1763 2982 1988 3039 fercula
2011 2982 2086 3039 de
2112 2984 2365 3055 coquina
2394 2985 2712 3058 hospitum,

606 3072 648 3099 ‘³
685 3068 941 3141 singulis
1012 3067 1222 3125 diebus
1292 3066 1621 3139 percipietx
1704 3066 1958 3123 clericus
2031 3084 2176 3124 vero
2246 3086 2429 3124 unum
2505 3088 2718 3142 panem

609 3156 650 3183 “
687 3154 989 3226 armigeri,
1042 3158 1105 3210 et
1152 3169 1330 3211 unam
1389 3168 1728 3210 mensuram
1778 3149 2088 3208 ¹cervisiae
2148 3152 2377 3220 milifis,
2430 3159 2492 3211 et
2536 3173 2719 3211 unum

608 3242 650 3268 ‘⁴
689 3238 982 3297 ferculum
1018 3236 1091 3293 de
1127 3236 1380 3307 coquina
1413 3235 1733 3308 hospitum.
1809 3234 2199 3292 concedimus
2237 3237 2434 3303 etiam,
2462 3237 2537 3294 ad
2572 3257 2719 3311 opus

609 3326 650 3351 “
688 3322 959 3397 praedicti
995 3320 1299 3393 Capellam
1334 3325 1396 3377 et
1430 3320 1652 3385 clerici,
1691 3336 1873 3375 unam
1923 3336 2185 3376 marcam
2231 3319 2305 3376 de
2352 3322 2601 3379 ecclesia
2647 3323 2738 3379 de.

610 3410 651 3438 ‘⁴
689 3407 975 3469 Waldene
1011 3405 1266 3479 singulis
1316 3404 1503 3470 annis,
1540 3404 1618 3461 ad
1654 3409 1906 3476 quatuor
1952 3404 2234 3461 terminos
2272 3405 2334 3461 in
2368 3414 2719 3479 perpetuum

610 3494 652 3523 ‘⁶
691 3490 1110 3563 accipendamz
1167 3489 1415 3555 scilicet,
1460 3488 1537 3545 ad
1591 3488 1811 3545 festum
1859 3488 2063 3545 Sancti
2113 3487 2425 3546 Michaelis
2475 3491 2721 3564 quadra-

613 3579 652 3604 “
691 3575 861 3647 ginta
897 3574 1187 3641 denarios,
1222 3573 1300 3630 ad
1321 3573 1540 3630 Natale
1577 3571 1820 3628 Domini
1858 3571 2122 3637 totidem,
2161 3572 2237 3629 ad
2273 3573 2504 3631 Pascha
2541 3574 2722 3647 quad-

615 3662 656 3691 “
693 3659 934 3730 reginta
978 3657 1267 3724 denarios,
1320 3662 1383 3714 et
1429 3656 1506 3713 ad
1553 3655 1774 3715 festum
1822 3655 2025 3713 Sancti
2086 3655 2374 3714 Johannis
2433 3657 2720 3732 Baptistae

614 3751 629 3776 ‘
692 3746 975 3814 totidem3
1015 3749 1078 3802 et
1114 3742 1422 3801 dimidiam
1459 3761 1721 3800 marcam
1769 3743 1844 3802 de
1891 3742 2143 3801 ecclesia
2179 3743 2253 3801 de
2299 3744 2606 3814 Norbam,
2646 3747 2722 3804 ad

613 3836 653 3865 ‘⁶
693 3831 933 3893 eosdem
978 3831 1283 3888 terminos.
1359 3828 1751 3886 Concedimus
1803 3846 2035 3902 quoque
2081 3829 2169 3887 eis
2210 3832 2397 3888 totam
2434 3831 2723 3891 decimam

612 3921 654 3949 ‘⁸
693 3916 938 3974 dominii
985 3916 1176 3972 nostri
1222 3914 1298 3970 de
1348 3913 1638 3982 Luitcna3
1678 3919 1741 3971 et
1786 3919 1857 3970 ut
1903 3913 2157 3970 habeant
2201 3913 2613 3972 domunculam
2658 3917 2723 3973 in

614 4005 655 4031 “
694 4001 864 4059 curia
918 4004 1137 4064 nostra,
1187 3998 1252 4055 in
1291 4016 1408 4070 qua
1447 3996 1734 4070 praedicta
1780 3996 2009 4053 decima
2053 4004 2404 4070 reponatur3
2458 4000 2721 4057 serviens

614 4089 654 4115 “
693 4085 876 4143 etiam
934 4083 1040 4157 qui
1097 4082 1342 4154 colliget
1396 4081 1549 4138 hanc
1607 4080 1915 4147 decimam,
1978 4081 2247 4138 comedat
2304 4100 2441 4139 cum
2498 4084 2725 4141 familia

618 4173 658 4199 ‘⁴
696 4174 918 4227 nostra.
1007 4167 1089 4224 Et
1129 4184 1362 4223 omnem
1400 4165 1690 4222 decimam
1732 4164 2125 4221 dominiorum
2160 4184 2294 4238 quae
2332 4167 2407 4224 ad
2445 4169 2722 4225 ecclesias

618 4260 657 4285 ‘⁴
693 4255 1011 4328 pertinent,
1063 4270 1210 4326 quas
1260 4268 1527 4325 persona:
1555 4250 1986 4322 jurisdictionis
2038 4256 2255 4308 nostrae
2302 4270 2457 4310 nunc
2505 4253 2579 4309 de
2623 4273 2724 4310 no-

620 4342 661 4368 “
697 4340 797 4395 bis
832 4343 1051 4404 tenent,
1093 4343 1154 4394 et
1188 4337 1252 4392 in
1284 4341 1587 4409 posterum
1621 4334 1920 4401 tenebunt,
1974 4335 2137 4392 salvo
2179 4337 2317 4409 jure
2367 4355 2571 4393 eorum
2622 4340 2724 4410 qui

617 4426 659 4453 ‘⁸
696 4441 854 4480 nunc
895 4426 1117 4479 tenent.
1208 4420 1289 4476 Et
1333 4424 1520 4476 totam
1566 4418 1858 4475 decimam
1903 4419 2173 4475 redditus
2222 4420 2429 4478 domus
2477 4422 2723 4494 lapideus

620 4512 659 4538 ‘⁶
700 4526 879 4581 super
935 4523 1171 4563 murum
1231 4502 1556 4562 ooemeterii
1613 4503 1821 4569 nostri,
1885 4503 1959 4558 ab
2018 4503 2249 4562 Abbate
2289 4505 2531 4564 Warino
2588 4526 2723 4565 con-

1221 4745 1236 4778 ¹
1260 4744 1479 4799 servisioe
1500 4742 1554 4795 in
1573 4743 1686 4798 MS.
1713 4742 1951 4797 Claudius
1972 4744 2033 4799 E.
2054 4744 2121 4797 iv.

2780 1043 2975 1106 Wsrln,

2813 1113 2935 1163 aoth

2781 1178 2976 1242 Abbot,

2804 1244 2942 1297 ΑΒ.
