3450 5717
855 826 986 892 496
1640 840 1997 893 ursumx
2049 829 2160 914 (Β).

839 1032 1024 1098 teriis,
1059 1031 1376 1098 monachis,
1419 1031 1521 1105 qui
1560 1032 1818 1098 aderant,
1857 1037 1928 1090 ut
1961 1032 2279 1105 diligenter
2320 1036 2664 1106 quaererent,
2718 1035 2780 1088 et
2814 1031 2942 1105 plu-

838 1117 1002 1223 ribus
1039 1117 1316 1173 adhibitis
1353 1117 1694 1185 fossoribus,
1734 1123 1804 1173 ut
1839 1118 2048 1189 coeptis
2084 1116 2441 1182 insisterent,
2468 1117 2798 1189 imperavit.

859 1202 1129 1259 'Fuerat
1175 1208 1371 1259 autem
1415 1201 1659 1275 Capella.
1705 1200 1813 1258 illa
1859 1202 2181 1274 antiquitus
2230 1200 2294 1256 in
2340 1202 2621 1257 honorem
2659 1201 2942 1281 Martyris

837 1287 1137 1351 fabricata,
1165 1293 1404 1359 propter
1426 1286 1761 1359 frequentes
1786 1285 2043 1342 coelestis
2065 1284 2262 1341 radios
2286 1285 2455 1351 lucis,
2485 1287 2589 1358 qui
2610 1286 2943 1359 pastoribus

835 1372 1073 1443 vigilias
1110 1372 1298 1427 noctis
1348 1389 1525 1441 super
1563 1388 1811 1443 gregem
1850 1389 2025 1427 suum
2058 1370 2381 1442 agentibus
2403 1370 2626 1427 ibidem
2661 1389 2942 1444 apparue-

834 1463 985 1512 rant.
1061 1457 1077 1489 ¹
1096 1456 1236 1526 Quae
1274 1457 1337 1511 in
1372 1456 1652 1511 honorem
1695 1455 1898 1511 Sancti
1940 1455 2148 1511 Jacobi
2186 1455 2612 1527 principaliter,
2656 1460 2717 1511 et
2762 1454 2941 1512 Sanc-

834 1548 1046 1607 torum,
1072 1560 1179 1614 pro
1205 1560 1451 1613 quorum
1474 1541 1847 1596 veneratione
1872 1540 2070 1612 fulgor
2095 1540 2352 1596 coelestis
2390 1539 2679 1612 apparuit,
2720 1539 2937 1596 ibidem

834 1626 1132 1692 fabricata,
1183 1626 1588 1700 venerabatur.
1688 1623 1861 1680 Unde
1913 1624 2108 1680 dictus
2156 1623 2380 1688 Abbas,
2433 1625 2495 1679 in
2561 1624 2765 1679 eodem
2810 1624 2938 1680 loco

832 1710 1029 1766 divina
1051 1709 1350 1766 celebrans
1379 1709 1777 1773 Sacramenta,
1807 1725 1986 1780 super
2021 1709 2265 1764 instanti
2299 1708 2541 1779 negotio
2576 1708 2746 1764 Beati
2782 1707 2938 1763 Mar·

829 1796 979 1891 tyris
1023 1795 1301 1850 auxilium
1336 1793 1691 1866 imploravit.
1735 1793 2029 1849 Reverso
2073 1794 2274 1865 itaque
2314 1792 2552 1848 domum
2588 1792 2836 1858 Abbate,
2874 1800 2940 1849 et

822 1879 949 1950 J'am
974 1897 1109 1935 cum
1134 1878 1438 1935 Conventu
1462 1878 1533 1934 ad
1560 1877 1873 1950 prandium
1897 1876 2156 1941 sedente,
2184 1876 2496 1947 legebatur
2520 1876 2729 1932 Passio
2765 1876 2939 1932 Beati

830 1963 1131 2035 Martyris,
1171 1981 1341 2035 quem
1380 1962 1736 2034 quaerebant,
1779 1967 1840 2018 et
1874 1962 2168 2019 sociorum
2203 1961 2350 2032 ejus,
2388 1977 2496 2033 per
2534 1978 2709 2031 quam
2745 1960 2937 2016 carnis

830 2048 1129 2118 ergastulo
1149 2047 1344 2112 soluti,
1364 2052 1812 2119 promeruerunt
1827 2046 2080 2118 gloriam
2099 2046 2530 2118 sempiternam.
2569 2044 2728 2100 Dum
2750 2044 2938 2117 igitur

832 2132 1060 2188 saevitia
1108 2131 1347 2204 judicis,
1400 2132 1676 2187 lictorum
1737 2131 2092 2197 immanitas,
2143 2130 2476 2201 Martyrum
2521 2130 2824 2201 patientia,
2875 2138 2938 2185 et

832 2233 989 2272 mors
1037 2215 1322 2289 prolixius
1369 2216 1634 2279 recitata,
1699 2216 1829 2288 pias
1880 2221 2106 2272 mentes
2160 2213 2497 2270 Conventus
2546 2214 2608 2268 in
2658 2214 2828 2269 fletus
2877 2220 2941 2269 et

834 2301 1087 2373 suspiria
1127 2300 1555 2364 commovisset,
1599 2300 1851 2356 Beatum
1877 2299 2316 2372 Amphibalum‚
2365 2316 2498 2354 cum
2521 2298 2716 2354 tribus
2755 2298 2937 2355 sociis

834 2385 957 2441 suis
999 2391 1314 2457 repertum,
1359 2401 1669 2440 accurrens
1710 2383 1926 2455 aliquis
1963 2383 2281 2439 nunciavit.
2358 2381 2513 2451 Quid
2548 2380 2740 2453 ergo?
2796 2380 2940 2438 Sus-

832 2470 985 2541 piria
1000 2475 1301 2526 mutantur
1323 2470 1387 2524 in
1409 2468 1633 2533 laudes,
1656 2473 1713 2523 et
1736 2468 1994 2523 tristitiae
2020 2467 2305 2522 successit
2328 2465 2551 2522 laetitiae
2566 2466 2933 2539 magnitudo.

831 2554 1170 2626 Exsurgens
1213 2571 1248 2609 a
1282 2571 1502 2617 mensa,
1542 2553 1920 2624 congregatio
1957 2551 2033 2606 ad
2068 2551 2379 2607 ecclesiam
2415 2550 2763 2607 festinanter
2799 2568 2938 2624 pro·

833 2638 1007 2701 cedit,
1035 2644 1096 2693 et
1117 2638 1385 2695 laetitiam
1410 2636 1584 2694 corde
1609 2642 1947 2707 conceptam
1985 2636 2229 2691 elevatis
2255 2635 2528 2691 laudibus
2553 2642 2939 2708 protestamr.

904 2722 1188 2779 Inventus
1230 2729 1324 2779 est
1372 2727 1572 2778 autem
1599 2722 1819 2776 Beatus
1867 2720 2097 2791 Martyr
2137 2719 2528 2791 Amphibalus
2584 2720 2741 2777 inter
2787 2720 2935 2776 duos

833 2807 1020 2863 socios
1060 2805 1308 2871 medius,
1351 2817 1411 2861 et
1449 2805 1803 2862 collateralis
1859 2804 2159 2868 ambobus,
2214 2803 2388 2860 tertio
2448 2805 2607 2860 socio
2658 2806 2829 2877 quasi
2865 2824 2936 2860 ex

831 2898 1182 2954 transversO,
1212 2898 1273 2946 et
1309 2891 1381 2945 ab
1417 2890 1680 2962 opposito
1703 2890 1899 2944 locum
1937 2888 2266 2945 solitarium
2290 2895 2627 2961 occupante.
2700 2890 2936 2945 Inventi

834 2982 971 3031 sunt
1003 2972 1026 3006 ²
1043 2980 1240 3030 autem
1263 2991 1447 3046 prope
1471 2973 1665 3028 locum
1704 2972 1876 3027 illum
1900 2989 2144 3027 numero
2170 2990 2270 3028 sex
2294 2991 2365 3027 ex
2403 2974 2578 3029 sociis
2602 2973 2935 3044 Martyrum

832 3060 1280 3133 praedictorum;
1334 3060 1419 3114 ita
1471 3058 1628 3130 quod
1669 3057 1890 3115 Beatus
1937 3057 2168 3130 Martyr
2233 3058 2621 3130 Amphibalus
2673 3059 2936 3115 decimus

834 3145 1176 3201 habebatur.

850 3245 855 3251 ·
904 3229 1068 3285 Inter
1109 3228 1391 3301 reliquias
1433 3227 1668 3283 athletae
1695 3225 1919 3283 Christi
1943 3227 2301 3300 Amphibali‚
2332 3228 2559 3284 cultelli
2593 3228 2712 3283 duo
2733 3228 2935 3300 magni

832 3314 1057 3371 inventi
1080 3313 1337 3377 fuerunt,
1366 3330 1516 3367 unus
1557 3312 1620 3366 in
1653 3316 1809 3367 testa
1842 3312 2070 3384 capitis,
2101 3317 2160 3367 et
2195 3312 2345 3368 alter
2380 3310 2539 3369 circa
2559 3312 2929 3385 'praecordia3

833 3405 903 3456 ut
923 3416 1130 3455 verum
1154 3414 1283 3452 esse
1318 3396 1633 3459 insinuent,
1676 3394 1833 3466 quod
1868 3396 1931 3450 in
1968 3396 2168 3451 libello
2192 3396 2491 3452 Passionis
2529 3398 2675 3468 ejus,
2715 3398 2935 3470 scripto

833 3482 1089 3554 antiquis
1128 3480 1507 3553 temporibus,
1555 3480 1904 3544 continetur,
1943 3481 1966 3516 ⁸
1981 3479 2136 3551 apud
2161 3479 2440 3536 Sanctum
2461 3480 2775 3537 Albanum.
2851 3481 2935 3537 Ut

834 3567 990 3623 enim
1012 3566 1190 3621 habet
1210 3565 1507 3621 Passionis
1531 3565 1692 3620 illius
1718 3569 1930 3629 textus,
1960 3564 2062 3619 alii
2099 3564 2497 3620 occubuerunt
2519 3566 2734 3636 gladiis
2757 3567 2928 3633 caesi;

832 3652 959 3724 ipse
1001 3668 1159 3715 vere,
1211 3649 1536 3706 visceribus
1578 3649 1771 3722 primo
1805 3648 2131 3720 patefactis,
2176 3654 2237 3705 et
2273 3649 2570 3705 intestinis
2610 3650 2831 3722 ejectis,
2873 3656 2935 3706 et

830 3742 965 3810 post
998 3736 1217 3791 lanceis
1253 3735 1570 3799 confossus,
1613 3739 1673 3789 et
1714 3733 1989 3797 cultellis,
2032 3732 2304 3789 occubuit
2340 3733 2596 3798 tandem,
2635 3734 2933 3807 lapidibus

831 3824 1291 3891 conquassatus3
1364 3818 1520 3873 unde
1574 3817 1801 3872 nullum
1863 3817 1984 3871 fere
2044 3835 2115 3871 ex
2172 3817 2403 3873 ossibus
2452 3819 2582 3889 ejus
2630 3819 2931 3891 integrum

831 3904 1164 3978 apparebat,
1203 3920 1337 3959 cum
1364 3902 1651 3958 sociorum
1679 3901 1866 3973 ipsius
1902 3918 2035 3957 ossa
2068 3902 2257 3957 illaesa
2291 3903 2524 3975 penitus
2562 3903 2908 3959 extitissent.

848 4075 1129 4147 Reliquiae
1168 4072 1368 4132 Sancti
1400 4070 1731 4146 Amphibali
1766 4073 1927 4146 apud
1963 4072 2238 4131 Sanctum
2270 4074 2557 4130 Albanum
2593 4076 2902 4131 translatez.

900 4182 1100 4238 Abbas
1136 4187 1350 4246 autem,
1391 4186 1460 4237 ut
1497 4180 1767 4246 diximus,
1796 4181 1995 4237 audito
2029 4182 2243 4237 nuncio
2280 4181 2627 4248 desiderato,
2654 4182 2929 4255 adjuncto

834 4267 949 4323 sibi
989 4267 1214 4332 Priore,
1277 4285 1413 4323 cum
1462 4265 1689 4337 aliquot
1735 4265 2015 4322 fratribus
2072 4265 2145 4321 de
2206 4265 2528 4332 Conventu,
2582 4266 2927 4323 Sanctorum

831 4351 1102 4407 celeriter
1143 4349 1290 4407 adiit
1326 4350 1675 4422 sepulturas,
1716 4354 1778 4405 et
1812 4349 2051 4405 effossas
2096 4349 2379 4421 reliquias
2416 4351 2668 4422 erigens,
2721 4350 2785 4405 in
2818 4350 2930 4406 lin·

830 4435 1177 4490 teaminibus
1213 4434 1437 4490 idoneis
1473 4433 1814 4499 collocavit3
1866 4439 2247 4507 metuensque
2285 4452 2463 4508 supra
2495 4435 2735 4491 modum
2770 4436 2927 4492 frau-

1936 4556 2323 4562 m———flss
2360 4553 2419 4562 ..—
2678 4557 2837 4563 ---—⁸

901 4609 917 4641 ¹
949 4609 1073 4669 Quoe
1107 4647 1121 4660 .
1157 4648 1170 4660 .
1207 4646 1222 4661 .
1255 4647 1268 4661 .
1305 4607 1643 4671 venerabatur,
1688 4609 1831 4660 addi·
1927 4608 2065 4660 Hier.

834 4688 993 4739 dition
1037 4690 1108 4753 by
1157 4689 1401 4740 Matthew
1445 4688 1607 4749 Paris,
1651 4697 1706 4739 to
1749 4689 1835 4740 the
1992 4691 2166 4754 ’apud
2201 4689 2435 4740 Sanctum
2483 4689 2727 4742 Albanum
2767 4691 2927 4741 added

835 4773 946 4818 text
968 4767 1030 4816 of
1053 4766 1353 4819 Wendover.
1927 4770 1997 4835 by
2019 4768 2262 4820 Matthew
2284 4768 2445 4820 Paris.

903 4845 925 4878 ²
947 4847 1088 4896 etiam
1105 4861 1264 4918 prope
1284 4846 1342 4898 in
1361 4845 1668 4911 Wendover‚
1699 4847 1835 4906 Flor-
