3450 5717
1043 819 1460 870 nomisma
1504 819 1751 871 sanem
1798 818 2074 873 Anam.
2525 803 2614 876 97

690 1095 832 1162 ¹De.
873 1094 1249 1163 Sanctitate
1294 1101 1355 1163 et
1401 1093 1691 1163 Actibus
1737 1094 1992 1183 Roye‘ri
2035 1094 2116 1161 H
2110 1093 2423 1161 eremitae.
2669 1094 2927 1212 Ἧι

598 1247 822 1335 Hujus
871 1247 1157 1314 Abbatis
1219 1254 1516 1335 tempore
1568 1248 1799 1314 floruit
1872 1249 2188 1336 Rogerus‚
2250 1245 2610 1313 monachus
2700 1228 2889 1346 {bg}

504 1346 707 1435 hujus
751 1350 1052 1431 ecclesiae,
1083 1350 1296 1435 gradu
1337 1350 1592 1429 Levita,
1649 1350 2003 1421 devotione
2048 1350 2388 1428 heremita,
2424 1371 2610 1415 sanc-
2674 1366 2916 1412 lus-⁴6.

505 1451 727 1516 titatis
784 1451 1138 1539 speculum,
1185 1453 1594 1518 maturitatis
1656 1452 2053 1540 exemplum,
2123 1474 2244 1539 par
2318 1453 2606 1532 habitus,
2634 1456 2864 1560 Buff
2842 1495 2932 1547 the

505 1554 798 1639 antiquis
827 1553 1129 1642 patribus
1169 1555 1414 1620 meruit
1443 1556 1832 1643 comparari.
1918 1555 2051 1635 Qui
2080 1561 2308 1621 noster
2336 1555 2609 1642 quidem
2634 1562 2848 1614 Hermit-

503 1654 633 1721 fnit
692 1658 1071 1735 monachus,
1134 1659 1248 1723 sed
1310 1656 1588 1723 vivebat
1654 1659 1725 1723 in
1788 1657 2101 1739 heremi0,
2151 1656 2608 1724 obedientiam

506 1779 777 1824 servans
820 1758 1076 1825 Abbati
1120 1782 1253 1826 suc.

592 1860 792 1927 Porro
870 1861 1051 1927 locus
1108 1861 1356 1928 heremi
1417 1884 1612 1949 quem
1672 1863 1947 1939 colebat,
2005 1863 2465 1949 gradientibus
2524 1862 2606 1929 de
2632 1874 2728 1924 His
2748 1875 2879 1926 Her-

500 1971 724 2027 nostro
756 1963 1159 2030 Monasterio
1187 1986 1416 2030 versus
1445 1965 1915 2051 Dunstapliam
1962 1970 2238 2052 apparet
2268 1988 2309 2030 a
2350 1965 2606 2032 dextris
2629 1941 2950 2059 ffffink,

502 2084 683 2130 secus
710 2064 909 2145 viam,
939 2088 1143 2155 prope
1187 2068 1407 2132 vicum
1439 2068 1556 2153 qui
1604 2073 1639 2103 “
1661 2066 2014 2151 Markssate
2039 2067 2074 2098 '’
2126 2067 2256 2133 isto
2309 2072 2604 2154 tempore
2628 2083 2760 2142 γεω.

502 2167 889 2252 appellatur.
955 2169 1316 2257 Acceperat
1345 2174 1572 2236 autem
1601 2174 1831 2235 noster
1853 2170 2152 2257 Rogems
2180 2171 2357 2236 hunc
2388 2164 2611 2236 locum'

503 2266 728 2337 divino
773 2292 1066 2352 munere,
1107 2271 1398 2361 angelico
1445 2272 1808 2359 perductus
1855 2271 1989 2337 illic
2040 2277 2179 2338 tam
2234 2272 2604 2339 ministerio

503 2393 703 2457 quam
759 2373 1178 2440 revelatione.
1299 2374 1476 2440 Nam
1535 2396 1685 2441 cum
1758 2373 2009 2441 rediret
2082 2374 2167 2440 de
2227 2374 2604 2456 Ierusalem,
2629 2384 2710 2437 He
2732 2385 2777 2436 is
2797 2385 2893 2435 mi-

501 2481 890 2562 acceperunt
920 2497 1067 2542 eam
1094 2476 1269 2565 apud
1304 2476 1892 2564 Wyndeleshoram
1934 2477 2146 2542 sancti
2197 2480 2334 2544 tres
2363 2477 2603 2565 angeli,
2628 2453 2930 2573 mxl}

502 2577 715 2643 niveis
773 2578 1071 2645 vestibus
1123 2585 1193 2646 et
1243 2580 1436 2645 stolis
1486 2580 1756 2661 amicti;
1824 2579 1941 2665 qui
2002 2580 2249 2667 singuli
2311 2580 2606 2667 singulas

503 2702 721 2746 cruces
778 2680 1078 2748 ferebant
1136 2682 1208 2746 in
1270 2681 1594 2759 manibus,
1647 2688 1716 2748 et
1779 2681 2054 2769 desuper
2113 2681 2411 2762 totidem,
2471 2705 2610 2749 non

503 2782 713 2848 solum
742 2783 1048 2850 ardentes
1087 2806 1323 2866 cereOS,
1355 2784 1470 2850 sed
1522 2783 1780 2872 fulgore
1828 2784 2117 2850 mirabili
2172 2788 2610 2852 coruscantes.

505 2884 673 2951 Inde
702 2908 853 2952 cum
898 2908 973 2952 eo
1004 2885 1362 2953 visibiliter
1405 2886 1846 2965 ambulantes,
1890 2908 2097 2974 usque
2143 2887 2232 2954 ad
2260 2888 2612 2975 praefatum

504 2987 718 3053 locum
778 2988 1045 3068 heremi,
1112 2989 1300 3055 velut
1358 3000 1748 3069 consortem,
1812 2989 2170 3071 deducunt,
2234 2999 2303 3055 et
2362 2990 2608 3056 ibidem

507 3096 834 3171 statuunt,
855 3090 929 3156 in
952 3091 1082 3158 Dei
1110 3090 1382 3158 servitio
1402 3113 1905 3180 permansurum
1933 3116 1949 3171 ;
1997 3091 2111 3158 ubi
2142 3097 2371 3178 postea
2399 3093 2614 3160 multa

505 3193 680 3259 mala
740 3216 1102 3282 perpessuS,
1171 3194 1419 3260 multas
1476 3194 1888 3261 tentationes
1956 3199 2287 3281 expertus,
2366 3216 2611 3282 magna

506 3294 793 3363 vicissim
821 3296 1266 3362 consolatione
1297 3297 1542 3363 meruit
1587 3296 1914 3362 divinitus
1955 3296 2301 3362 sublevari.
2411 3297 2606 3363 Nun-
2627 3315 2725 3365 His
2746 3320 2887 3378 great

508 3420 722 3484 quam,
772 3421 1006 3487 nempe
1067 3405 1248 3486 putO,
1300 3397 1577 3466 callidus
1623 3398 1837 3465 hostis
1890 3398 2087 3464 alicui
2153 3399 2261 3465 vel
2327 3399 2607 3467 acriores
2623 3380 2810 3433 merita.

507 3502 909 3567 tentationes
975 3501 1267 3579 immisit,
1293 3502 1431 3593 ,vel
1491 3503 1714 3589 plures
1762 3501 2054 3567 tetendit
2100 3500 2419 3585 insidias3
2492 3502 2608 3569 sed

507 3602 638 3682 ille,
691 3604 945 3670 virtute
1004 3604 1212 3670 crucis
1259 3610 1569 3686 armatus,
1601 3610 1671 3670 et
1723 3604 1841 3669 has
1892 3603 2181 3692 gratiose
2229 3604 2492 3685 devicit,
2541 3612 2612 3672 et

507 3705 968 3772 discretissime
1019 3706 1170 3772 illas
1222 3707 1418 3773 cavit.
1521 3706 1608 3772 In
1660 3728 1923 3773 carnem
1972 3728 2160 3772 suam
2209 3706 2433 3772 nullus
2486 3730 2612 3773 un-

506 3830 704 3895 quam
764 3808 1088 3874 crudelior
1149 3809 1428 3890 extitit3
1473 3809 1621 3875 'sed
1681 3814 1752 3876 et
1810 3809 1978 3875 illud
2038 3809 2396 3876 insistebat
2465 3815 2613 3877 toto

510 3916 748 3976 conatu
801 3911 1126 3999 perficere,
1176 3933 1306 3998 quo
1358 3934 1427 3977 se
1473 3911 1668 3977 novit
1716 3911 1860 3978 Deo
1919 3910 2153 3977 melius
2199 3912 2612 4000 complacere.

508 4013 600 4078 Et
644 4020 792 4079 erat
838 4014 900 4078 ei
951 4019 1144 4079 tanta
1189 4036 1383 4101 super
1436 4011 1698 4080 afflictis
1750 4014 2129 4100 compassiO,
2200 4019 2280 4079 ut
2347 4014 2611 4081 illorum

507 4120 650 4181 tam
679 4138 854 4205 aegre
884 4116 1085 4182 ferret
1131 4116 1426 4202 injurias,
1456 4116 1628 4182 sicut
1674 4137 1844 4182 suas.
1937 4115 2195 4203 Spiritu
2242 4116 2612 4204 prophetiae
2632 4129 2790 4195 spirit
2809 4128 2874 4179 of

505 4218 759 4297 claruit,
804 4223 875 4284 et
916 4220 990 4284 in
1034 4218 1566 4306 contemplativis
1611 4218 1913 4306 egregius
1957 4217 2389 4284 habebantur.
2632 4195 2901 4263 prophecy.

577 4447 593 4481 ¹
617 4449 732 4500 The
774 4456 995 4511 context,
1040 4448 1172 4500 from
1217 4448 1318 4501 this
1353 4450 1509 4510 word,
1611 4446 1836 4499 addition
1865 4447 2095 4513 possibly
2129 4448 2198 4513 by
2224 4447 2618 4514 Walsingham’s

507 4529 658 4578 down
696 4538 747 4579 to
779 4529 864 4579 the
898 4535 1321 4581 commencement
1340 4529 1402 4578 of
1425 4528 1511 4579 the
1610 4528 1764 4588 hand,
1787 4542 1846 4576 οι·
1867 4526 1979 4577 that
1999 4526 2058 4576 of
2071 4525 2153 4578 his
2174 4542 2487 4593 anonymous
2508 4545 2621 4593 pre-

507 4607 596 4659 life
617 4609 680 4659 of
709 4609 884 4658 Abbot
909 4608 1109 4670 Radnlf,
1147 4608 1191 4658 is
1226 4616 1319 4658 not
1353 4615 1407 4659 to
1447 4608 1511 4657 be
1612 4609 1857 4667 decessor,
1873 4607 1959 4657 the
1982 4606 2218 4671 compilet
2235 4606 2293 4657 of
2313 4607 2400 4659 the
2424 4609 2622 4662 Second

501 4686 663 4738 found
699 4687 750 4737 in
773 4687 886 4739 MS.
921 4688 1056 4738 Nero
1087 4688 1152 4739 D.
1178 4688 1209 4738 i.
1277 4688 1329 4738 It
1362 4686 1406 4739 is
1445 4702 1510 4738 an
1612 4688 1736 4739 Part
1757 4685 1815 4737 of
1828 4685 1915 4738 the
1943 4684 2099 4737 Gesta
2116 4685 2374 4739 Abbatmn.

2308 4798 2356 4845 G
