3450 5717
808 815 970 886 -358
1540 831 1758 882 essm
1800 831 2125 884 ABBATUM

541 1022 685 1075 John
700 1025 790 1087 II.,
846 1016 885 1040 “
921 1032 1027 1086 per
1078 1016 1408 1089 Privilegia
1466 1018 1866 1076 Romanorum
1911 1018 2284 1084 Pontificum,
2329 1035 2464 1089 quae
2498 1016 2794 1092 produxit,
2844 1014 2930 1069 in-

601 1094 727 1142 23rc1
847 1100 885 1124 “
923 1097 1088 1154 dulta
1138 1100 1495 1157 Monasterio
1549 1101 1750 1160 Sancti
1784 1101 2020 1168 Albani,
2079 1103 2177 1160 cui
2233 1100 2460 1158 Cellam
2497 1100 2571 1156 de
2607 1097 2930 1172 Wymund-

574 1158 765 1275 {2⁰ss
849 1185 887 1208 “
924 1183 1062 1240 ham
1113 1191 1340 1243 constat
1397 1204 1527 1242 esse
1583 1188 1930 1258 subjectam,
1995 1205 2172 1260 quam
2222 1205 2327 1259 per
2378 1187 2685 1242 libertates
2733 1203 2770 1242 a
2806 1183 2933 1239 Ste-

544 1265 785 1345 1235-30.
848 1269 886 1293 ‘⁶
924 1268 1135 1340 phan0,
1177 1269 1470 1341 quondam
1503 1270 1839 1342 Anglorum
1875 1272 2061 1343 Rege,
2101 1289 2426 1338 concessas,
2468 1279 2529 1326 et
2561 1267 2932 1341 postmodum

847 1355 886 1378 ‘⁶
924 1370 1031 1426 per
1079 1353 1351 1410 Summos
1401 1354 1716 1412 Pontifices
1767 1356 2170 1420 confirmatas3
2229 1356 2396 1428 longi
2429 1354 2713 1426 temporis
2761 1369 2934 1408 usnm

847 1439 885 1463 ‘⁶
924 1438 1241 1494 eorundem
1289 1438 1754 1510 Privilegiorum
1807 1441 2092 1513 allegans,
2147 1459 2282 1496 cum
2335 1457 2609 1512 expresse
2655 1438 2935 1510 probetur

810 1525 885 1596 ,“
925 1521 1081 1594 quod
1138 1522 1395 1592 Priores,
1436 1530 1497 1580 et
1555 1524 1759 1582 clerici
1820 1525 1933 1589 sui,
1974 1544 2010 1581 a
2067 1530 2328 1597 tempore
2387 1524 2558 1595 cujus
2607 1541 2725 1580 non
2775 1526 2935 1578 extat

847 1609 884 1633 “
924 1608 1223 1674 memoria,
1279 1615 1669 1666 exercuerunt
1727 1610 2062 1682 spiritualia
2111 1609 2176 1664 in
2228 1609 2495 1666 ecclesiis
2557 1605 2932 1679 supradictis.

844 1693 883 1717 ‘⁶
923 1692 1302 1763 Indulgentia
1338 1694 1651 1767 siquidem,
1692 1713 1729 1750 a
1762 1694 1929 1749 bonae
1964 1694 2263 1752 memoriae
2307 1694 2557 1750 Domino
2594 1693 2756 1763 Papa
2803 1689 2936 1746 Cle-

845 1779 882 1801 “
922 1782 1116 1832 mente
1153 1777 1398 1845 indulta,
1449 1779 1605 1834 inter
1641 1784 1856 1834 caetera
1902 1778 2178 1842 continet,
2231 1777 2389 1849 quod
2433 1783 2554 1832 tam
2589 1776 2825 1832 Priores
2874 1779 2938 1828 et

844 1863 882 1886 ‘⁶
921 1862 1212 1928 monachi,
1254 1881 1433 1934 quam
1469 1868 1532 1920 et
1565 1862 1842 1929 ambitus,
1872 1862 2173 1919 Cellarum
2213 1861 2417 1920 Sancti
2438 1860 2669 1927 Albani,
2694 1860 2768 1915 ab
2792 1859 2935 1930 Epi-

844 1947 881 1969 “
922 1961 1234 2017 scoporum
1274 1945 1636 2018 subjectione
1684 1947 1771 2003 ita
1813 1946 1990 2001 liberi
2037 1947 2174 2011 sint,
2222 1952 2284 2004 et
2323 1946 2609 2002 immunes
2656 1945 2931 2007 existant,

845 2031 882 2053 “
922 2034 1201 2099 tanquam
1259 2031 1322 2086 in
1380 2048 1621 2103 corpore
1682 2031 1872 2103 ipsius
1933 2030 2280 2087 Monasterii
2339 2035 2722 2094 morarentur,
2774 2026 2936 2099 quod

844 2116 882 2139 ‘⁶
920 2113 1094 2184 plena
1140 2114 1356 2170 dicitur
1403 2115 1676 2172 libertate
1726 2115 2005 2188 gaudere.
2083 2114 2371 2172 Dominus
2418 2119 2616 2171 autem
2662 2113 2936 2169 Clemens

843 2199 881 2224 “
919 2197 984 2252 in
1030 2197 1145 2252 alio
1192 2199 1536 2271 Privilegio,
1581 2200 1736 2255 inter
1778 2199 1914 2266 alia,
1957 2199 2318 2256 Mona-sterio
2375 2198 2657 2271 praedicto
2701 2213 2938 2252 conces-

845 2285 881 2308 “
922 2283 1018 2349 sit,
1057 2289 1125 2340 ut
1163 2285 1358 2342 omnia
1411 2284 1770 2357 pontificalia
1819 2286 1961 2358 jura
1977 2284 1993 2314 ¹
2042 2285 2424 2341 ecclesiarum
2463 2283 2666 2340 Sancti
2699 2281 2936 2345 Albani,

844 2370 881 2394 ‘⁴
921 2373 980 2423 et
1011 2369 1391 2425 ecclesiarum
1420 2370 1568 2441 ejus,
1606 2371 1715 2426 sub
1757 2369 2024 2442 ejusdem
2058 2369 2307 2426 Abbatis
2343 2368 2726 2441 dispositione
2762 2373 2939 2436 atque

844 2456 881 2478 “
920 2452 1162 2508 arbitrio
1221 2460 1617 2526 permaneant,
1682 2459 1945 2514 statuens
2003 2454 2067 2510 in
2125 2455 2333 2512 eodem
2390 2459 2459 2509 ut
2517 2451 2796 2524 Episcopi
2843 2449 2939 2504 vel

843 2538 881 2562 “
918 2535 1381 2609 Archiepiscopi,
1426 2538 1525 2593 vel
1561 2556 1766 2596 eorum
1802 2539 2023 2604 clerici,
2069 2539 2167 2594 vel
2202 2538 2477 2603 ministri,
2518 2554 2697 2608 super
2745 2536 2940 2607 ipsum

843 2623 881 2647 “
920 2620 1364 2688 Monasterium,
1409 2622 1507 2678 vel
1544 2641 1722 2695 super
1748 2622 1944 2680 Oellas
1986 2623 2195 2695 ipsius,
2241 2623 2467 2679 nullam
2505 2622 2793 2678 haberent
2833 2620 2939 2675 ali-

814 2707 881 2776 ,“
921 2709 1209 2776 qnatenus
1245 2711 1614 2776 potestatem.
1690 2707 1840 2764 Haec
1875 2706 2081 2764 eadem
2116 2708 2179 2762 in
2215 2706 2543 2778 Privilegio
2583 2706 2774 2778 ipsius
2813 2722 2941 2760 suc-

843 2792 882 2815 “
920 2790 1191 2857 cessoris,
1231 2790 1423 2846 felicis
1476 2791 1900 2848 reeordationis
1935 2790 2276 2858 Alexandri,
2316 2796 2379 2848 et
2413 2789 2741 2856 Coelestini,
2778 2789 2938 2846 inve·

843 2875 881 2898 “
920 2871 1162 2928 niuntur
1221 2891 1514 2946 expressa.
1610 2875 1685 2930 In
1732 2875 2057 2948 Privilegio
2105 2876 2286 2934 etiam
2327 2874 2727 2942 Kalixti,—ad
2786 2873 2941 2946 quod

843 2961 880 2984 “
919 2956 1357 3029 producendum
1418 2977 1483 3018 se
1536 2958 1773 3031 petebat
1827 2959 2078 3026 admitti,
2096 2993 2169 3006 --
2183 2960 2375 3016 eidem
2438 2958 2797 3018 Monasterio
2853 2958 2940 3013 in·

844 3044 882 3069 “
920 3041 1219 3113 dulgetur,
1283 3049 1353 3099 ut
1414 3044 1613 3102 omnia
1671 3043 2029 3116 pontificalia
2079 3044 2221 3116 jura
2278 3044 2663 3100 ecclesiarum
2741 3042 2943 3099 Sancti

844 3130 881 3153 ‘⁸
919 3124 1136 3183 Albani
1208 3125 1318 3183 sub
1379 3127 1644 3199 ejusdem
1701 3127 1952 3185 Abbatis
2013 3128 2397 3201 dispositione
2458 3135 2635 3200 atque
2695 3128 2941 3186 arbitrio

845 3213 883 3238 “
921 3211 1226 3282 pendeant,
1277 3217 1492 3283 praeter
1552 3217 1918 3270 sacramenta
1976 3213 2348 3285 episcopalia,
2413 3212 2736 3269 secundum
2792 3212 2939 3268 anti·

845 3297 883 3321 “
924 3312 1103 3367 quam
1137 3294 1403 3367 ejusdem
1437 3295 1704 3356 ecclesiae
1753 3297 2236 3354 consuetudinem
2283 3296 2562 3353 facienda.
2636 3296 2943 3365 Quoddam

845 3381 883 3406 “
922 3378 1100 3435 etiam
1136 3379 1532 3453 Privileginm
1564 3380 1783 3439 Abbati
1832 3380 2034 3438 Sancti
2070 3381 2305 3447 Albani,
2339 3387 2404 3437 et
2435 3383 2737 3438 monachis
2785 3380 2941 3453 apud

845 3466 882 3490 ‘⁶
921 3463 1357 3533 Wymundham
1430 3466 1947 3533 commorantibus,
2012 3484 2048 3522 a
2108 3466 2362 3523 Domino
2432 3466 2697 3523 Adriano
2756 3466 2939 3537 Papa,

845 3551 882 3574 “
922 3547 1163 3618 Quarto,
1204 3566 1562 3615 censeam,
1602 3568 1740 3606 cum
1787 3550 2015 3606 duabus
2063 3550 2282 3608 litteris
2320 3550 2558 3608 Domini
2595 3550 2774 3622 Papae
2811 3550 2943 3606 Cle-

844 3635 882 3658 “
921 3633 1152 3700 mentis,
1205 3634 1280 3690 ad
1328 3651 1496 3692 suam
1538 3633 1863 3706 juvandam
1922 3635 2308 3691 intentionem
2365 3635 2615 3691 induxit.
2705 3634 2756 3690 E
2808 3652 2943 3689 con·

844 3719 882 3743 ‘⁶
920 3717 1103 3774 trario
1150 3723 1365 3785 autem,
1417 3737 1489 3774 ex
1534 3724 1702 3790 parte
1762 3719 2196 3790 proponebatur
2241 3719 2509 3788 adversa,
2559 3719 2945 3776 intentionem

844 3803 882 3827 “
921 3818 1089 3858 suam
1117 3801 1255 3873 jure
1289 3803 1586 3860 communi
1620 3801 1925 3859 fundatam
1960 3803 2237 3875 intelligi,
2291 3802 2313 3835 ‘²
2334 3801 2445 3875 [et]
2483 3822 2558 3860 ex
2589 3810 2943 3860 caeterarum

844 3887 883 3911 ‘⁶
920 3886 1303 3942 ecclesiarum
1356 3886 1556 3958 juvari
1602 3887 2042 3955 consuetudine,
2093 3906 2230 3944 cum
2277 3888 2372 3944 sui
2416 3888 2944 3945 Archidiaconatus

845 3973 882 3997 “
923 3970 1190 4026 ecclesiae
1241 3988 1358 4026 non
1400 3970 1615 4030 debent
1662 3971 1897 4030 diverso
1937 3972 2075 4043 jure
2124 3973 2384 4038 censeri;
2423 3990 2647 4030 necnon
2691 3990 2760 4027 ex
2807 3972 2941 4044 qui·

846 4057 883 4080 ‘⁶
923 4053 1174 4109 busdam
1240 4054 1477 4126 juribus
1539 4073 1671 4128 qnae
1731 4055 2194 4128 praedecessores
2269 4058 2362 4113 sui
2438 4061 2815 4114 exercuerant
2873 4058 2942 4111 in

845 4141 884 4164 “
924 4138 1187 4194 ecclesiis
1235 4139 1620 4210 supradictis:
1674 4157 1784 4196 nec
1824 4142 2130 4212 oportebat
2164 4140 2659 4197 Archidiaoonum
2691 4141 2946 4212 impedi·-

847 4225 883 4249 “
922 4230 1185 4278 mentum
1246 4222 1485 4293 aliquod
1550 4223 1913 4295 probavisse,
1979 4244 2115 4281 cum
2178 4226 2322 4282 satis
2384 4226 2458 4281 de
2522 4225 2944 4298 impedimento

846 4310 883 4334 “
923 4313 1215 4363 constaret
1270 4325 1376 4379 per
1445 4307 1573 4373 hoc,
1631 4309 1791 4381 quod
1863 4310 2008 4365 dicti
2080 4309 2254 4365 Prior
2320 4314 2382 4365 et
2440 4310 2777 4366 Conventus
2839 4310 2942 4367 liti

844 4393 883 4418 ‘⁸
922 4409 985 4447 se
1035 4391 1367 4447 obtulerant
1401 4410 1437 4447 a
1480 4392 1789 4466 principio,
1832 4399 1891 4449 et
1938 4393 2127 4451 adhue
2171 4394 2236 4449 in
2269 4394 2467 4467 litigio
2514 4395 2943 4467 persistebant;

844 4476 883 4502 ‘⁶
923 4492 1057 4529 cnm
1092 4480 1307 4542 tamen,
1342 4492 1414 4530 ex
1455 4476 1792 4544 abundanti,
1835 4496 1942 4550 per
1978 4477 2240 4536 adversm
2273 4479 2460 4552 partis
2496 4480 2941 4549 confessionem,

1236 4599 1475 4606 --—-—7-
1496 4600 1547 4607 -.-

1773 4600 1888 4608 —-

2189 4602 2320 4609 *7
2367 4604 2402 4608 -

909 4667 927 4703 ²
972 4670 1060 4722 Sic
1082 4671 1136 4721 in
1154 4672 1334 4733 MSS»,
1361 4673 1605 4738 probably
1626 4686 1691 4726 an
1709 4688 1849 4725 error
2007 4673 2030 4708 ²
2052 4670 2272 4726 Omitted
2292 4673 2347 4725 in
2369 4675 2453 4734 the
2473 4676 2624 4730 MSS.

844 4750 922 4802 for
942 4755 974 4781 “
1004 4747 1263 4803 ecclesiae?
