3450 5717
843 797 969 859 508
1619 808 1977 858 manunt
2028 790 2147 879 (n)

839 986 1064 1051 cumbe,
1104 985 1533 1058 Biscopescote,
1577 983 1878 1048 Stodham,
1943 981 2289 1049 Gratesdene,
2338 980 2697 1048 Flamstude,
2736 981 2947 1038 Buces-

838 1071 997 1136 ham,
1037 1069 1486 1139 Rodenhangre.

1635 1190 1862 1263 Duplex
1896 1191 2123 1246 amotio.

912 1294 948 1318 ‘⁴
971 1288 1364 1353 Innocentius,
1403 1287 1748 1360 EpiscopuS,
1802 1291 1854 1344 et
1890 1293 2105 1352 emma,
2144 1285 2377 1342 dilectis
2432 1285 2594 1352 filiis,
2632 1284 2848 1342 Abbati
2885 1294 2947 1342 et

838 1378 875 1401 “
913 1374 1240 1430 Conventui
1283 1373 1486 1430 Sancti
1508 1372 1746 1438 Albani,
1786 1370 2213 1428 Lincolniensis
2238 1369 2552 1436 Dioecesis,
2595 1371 2845 1427 salutem
2885 1378 2948 1428 et

841 1462 878 1485 “
917 1459 1315 1531 Apostolieam
1362 1456 1850 1512 benedictionem.
1923 1455 2075 1511 Cum
2118 1454 2373 1511 dilectus
2423 1454 2605 1521 filine,
2649 1454 2945 1511 Johsnnes

841 1545 879 1570 “
917 1543 990 1597 de
1039 1543 1381 1607 Oamccena,
1452 1558 1631 1613 nepos
1693 1546 1756 1596 et
1817 1539 2169 1612 Capellanus
2236 1544 2454 1604 noster,
2501 1539 2811 1595 ecclesiam
2864 1540 2939 1594 de

840 1630 880 1655 ‘⁴
917 1628 1254 1699 Wingrave,
1283 1626 1342 1681 in
1376 1643 1508 1697 qua,
1538 1626 1692 1680 sicut
1725 1625 2145 1690 intelleximus,
2166 1622 2268 1695 jus
2310 1630 2659 1696 personatus
2693 1624 2942 1689 habetis,

841 1715 879 1739 “
919 1712 1178 1767 obtinere
1227 1716 1520 1774 noscatur,
1562 1709 1975 1765 discretionem
2034 1713 2294 1765 vestram
2345 1708 2651 1764 affectione
2702 1715 2946 1781 paterna

840 1797 878 1822 “
916 1812 1213 1867 rogamus,
1240 1812 1347 1867 per
1369 1794 1710 1865 Apostolica
1733 1793 1901 1849 vobis
1927 1793 2146 1863 scripta.
2169 1791 2531 1858 mandantes,
2561 1793 2714 1865 quod
2750 1793 2941 1849 eidem

840 1881 894 1929 “.
919 1878 1233 1951 Capellano
1281 1879 1499 1934 dictam
1536 1878 1865 1943 eeclesiam,
1911 1896 2047 1932 cum
2090 1876 2207 1932 alia
2253 1877 2504 1932 ecclesia
2535 1876 2721 1948 primo
2771 1895 2941 1933 vaca-

841 1966 878 1990 “
916 1969 1067 2027 tura,
1133 1981 1263 2035 quae
1317 1962 1392 2018 ad
1450 1961 1966 2034 praesentationem
2025 1966 2284 2016 vestram
2345 1964 2602 2032 spectare
2645 1966 2935 2025 noseetur,

840 2051 878 2076 ‘⁶
920 2046 1118 2119 (quam
1157 2047 1335 2102 etiam
1376 2045 1568 2102 dictus
1594 2045 1968 2117 capellanus,
2008 2045 2105 2100 vel
2144 2044 2272 2115 ejus
2314 2049 2672 2115 procurator,
2708 2045 2942 2102 duxerit

841 2135 878 2159 “
917 2130 1371 2203 acceptandam)
1411 2130 1813 2193 committetis‚
1855 2128 2020 2183 illem
2063 2127 2434 2184 donationem
2480 2133 2725 2183 ¹nostrae
2770 2128 2942 2183 nihil-

841 2220 880 2244 “
919 2216 1148 2272 ominus
1170 2214 1542 2280 reservando,
1568 2213 1918 2268 inhibitione
1957 2228 2063 2267 seu
2097 2213 2496 2268 reservatione
2533 2212 2795 2283 qualibet
2827 2230 2945 2268 non

837 2304 875 2328 ‘⁴
914 2301 1209 2365 obstante3
1248 2303 1352 2355 aut
1373 2298 1553 2353 etiam
1573 2295 1946 2368 indulgentia
1960 2295 2083 2361 ina,
2112 2313 2243 2367 quae
2280 2295 2497 2351 dicitur
2518 2295 2788 2367 Anglicis
2813 2313 2945 2352 esse

840 2387 879 2411 “
915 2385 940 2418 ²
959 2400 1250 2447 concessa,
1300 2400 1373 2436 ne
1433 2381 1721 2436 beneficia
1770 2380 2120 2435 clericorum
2179 2378 2526 2433 Italicorum
2587 2379 2940 2445 cedentium,

841 2470 879 2495 ‘⁴
918 2470 1013 2523 vel
1048 2466 1473 2533 decedentium,
1517 2464 1856 2521 immediate
1906 2463 2009 2519 alii
2045 2462 2261 2517 clerieo
2283 2462 2475 2518 Italiae
2509 2465 2533 2498 ³
2550 2464 2940 2520 conserantur.

839 2555 879 2581 ‘⁴
920 2553 1137 2608 Datum
1171 2548 1468 2620 Lugduni,
1509 2547 1765 2605 secundo
1799 2548 1943 2603 Idus
1968 2545 2372 2603 Decembris.”

839 2721 1203 2777 Proesentatio
1235 2718 1475 2775 Domini
1509 2715 1810 2870 Radwlpgj
1831 2714 2230 2867 {12:332an
2256 2715 2536 2788 Episcopo
2568 2716 2946 2772 Dunelmensi

1796 2819 1826 2855 ο
1855 2840 1868 2854 .
2049 2840 2063 2854 .

913 2909 950 2932 “
972 2904 1317 2959 Reverendo
1333 2902 1490 2975 patri
1505 2902 1566 2956 in
1582 2900 1837 2965 Christe,
1854 2896 2179 2971 N'[icolao],
2193 2899 2306 2954 Dei
2325 2900 2537 2972 gratia,
2555 2899 2939 2957 Dunelmensi

841 2993 879 3017 “
918 2989 1225 3060 EpiscopO,
1256 2987 1294 3041 J
1300 2982 1607 3057 [ohannes]
1635 2983 2022 3056 permissione
2040 2983 2244 3039 divina
2263 2982 2463 3039 Abbas
2482 2983 2685 3040 Sancti
2700 2985 2934 3051 Albani,

840 3075 878 3099 ‘⁸
918 3090 1054 3128 oum
1088 3070 1246 3127 omni
1266 3069 1484 3124 honore
1509 3074 1570 3123 et
1604 3068 1953 3131 reverentia,
1980 3072 2261 3122 aeternam
2296 3066 2358 3121 in
2381 3065 2630 3124 Domino
2666 3069 2934 3125 salutem.

841 3159 879 3183 “
917 3155 1169 3213 Noverit
1214 3157 1417 3209 sancta
1471 3152 1826 3223 parternitas
1884 3168 1991 3206 nos
2039 3149 2323 3206 dilectum
2357 3152 2602 3208 fratrem
2648 3160 2933 3220 nostrum,

839 3244 878 3269 “
918 3239 1294 3311 Radulphum
1353 3236 1426 3292 de
1487 3235 1779 3301 Dunham,
1841 3235 2207 3302 monachum,
2246 3235 2492 3292 latorem
2537 3238 2934 3309 praesentium,

841 3329 879 3353 ‘⁴
920 3323 1100 3381 Cellae
1122 3327 1339 3378 nostrae
1364 3320 1437 3375 de
1462 3319 1814 3375 Thinemuta
1826 3318 2097 3375 Priorem
2120 3319 2456 3391 praefecisse
2478 3342 2493 3386 ς
2522 3338 2697 3392 quem
2716 3321 2939 3378 Sancti-

840 3412 879 3437 “
917 3409 1027 3465 tati
1060 3412 1292 3471 vestrae,
1311 3404 1482 3477 juxta
1517 3404 1765 3459 formam
1799 3403 2330 3475 compromissionis
2366 3404 2527 3460 initae
2550 3404 2704 3460 inter
2736 3405 2940 3461 Eccle-

842 3498 879 3521 “
920 3493 1067 3549 siam
1125 3490 1580 3546 Dunelmensem
1635 3492 1696 3542 et
1739 3486 2164 3543 Monesterium
2225 3487 2424 3544 Sancti
2472 3488 2685 3544 Albani
2745 3496 2806 3546 et
2864 3491 2939 3545 de

842 3582 880 3606 ‘⁶
918 3575 1284 3639 Thinemuta,
1324 3575 1346 3608 ⁴
1362 3571 1529 3628 Cella.
1563 3569 1828 3642 ejusdem
1868 3570 2225 3636 monasterii,
2252 3577 2705 3644 praesentamus3
2744 3573 2939 3629 humi-

841 3664 880 3691 “
916 3662 1055 3716 liter
1087 3663 1362 3730 rogantes
1407 3660 1692 3727 quatenus
1740 3654 1938 3727 ipsum
1984 3654 2061 3710 ad
2106 3672 2177 3710 ea
2217 3673 2348 3726 quae
2391 3655 2466 3710 ab
2498 3655 2628 3727 ipso
2666 3656 2835 3712 vobis
2876 3658 2938 3713 in

841 3750 882 3774 “
919 3745 1052 3800 dem
1088 3740 1600 3814 compromissione
1616 3740 1946 3796 continetur
1964 3739 2112 3795 fecie
2133 3739 2208 3795 da
2241 3738 2605 3797 admittatis?
2664 3741 2935 3799 Valeat-'⁹

1197 3914 1321 3969 ‘De
1342 3917 1514 3969 mmo-te
1558 3910 1840 3967 Willelvm
1873 3910 2104 3966 Abbatie
2143 3909 2280 3981 (fol.
2309 3910 2379 3966 63
2403 3911 2482 3980 a).

907 4014 1105 4070 Abbas
1153 4016 1351 4068 autem
1397 4013 1774 4073 memoratus»,
1800 4007 2155 4072 Willelmus,
2207 4006 2398 4077 (cnjus
2443 4008 2832 4080 negligentias
2872 4019 2935 4069 et

835 4100 1050 4155 delicta
1106 4114 1221 4153 non
1279 4110 1689 4158 memoramus,
1752 4098 1822 4148 ut
1876 4091 2410 4164 praeconsuevimus
2468 4093 2735 4159 aliorum,
2791 4095 2933 4166 quia

904 4323 918 4354 ¹
945 4322 1030 4373 Sic
1050 4321 1103 4371 in
1123 4318 1237 4371 MS.
1994 4312 2015 4344 ⁶
2038 4312 2166 4364 This
2210 4313 2417 4375 section,
2462 4316 2611 4365 down
2652 4322 2706 4365 to
2756 4319 2933 4367 “nar-

902 4402 925 4435 2
947 4415 1223 4452 concessum
1243 4396 1302 4447 in
1324 4396 1437 4447 MS.
1927 4398 1958 4423 ‘⁴
1981 4392 2116 4454 cas]⁹
2138 4392 2184 4442 is
2216 4393 2372 4459 given
2392 4392 2446 4443 in
2486 4393 2574 4445 the
2610 4394 2726 4446 MS.
2763 4397 2933 4447 before

901 4481 924 4513 1
946 4480 1234 4544 conseratur
1254 4477 1309 4526 in
1329 4474 1444 4527 MS.
1924 4473 2011 4524 the
2048 4479 2152 4522 two
2182 4472 2453 4539 preceding
2488 4472 2703 4537 articles,
2724 4473 2933 4540 Duplex

901 4560 924 4592 ⁴
953 4542 1122 4610 belle·
1107 4574 1162 4608 m
1184 4557 1298 4607 MS.
1926 4553 2118 4602 exactio
2140 4554 2242 4603 and
2252 4551 2606 4611 Proemtatio3
2638 4554 2764 4605 but
2750 4570 2793 4605 is
2813 4555 2932 4606 here

903 4641 923 4672 ⁶
947 4640 998 4690 It
1039 4639 1161 4689 ends
1195 4637 1309 4690 thus
1347 4634 1584 4700 abruptly
1622 4633 1678 4684 in
1720 4632 1835 4684 MS.
1925 4634 2143 4684 restored
2170 4638 2223 4683 to
2247 4631 2316 4682 its
2336 4631 2519 4697 place
2501 4647 2559 4684 111
2582 4633 2667 4685 the
2687 4642 2907 4686 context.

838 4722 1002 4784 Seep.
1028 4722 1143 4780 511,
1165 4716 1312 4768 Note.
