3450 5717
1114 813 1540 866 MONASTERH
1584 812 1836 866 sumn
1879 812 2153 868 ALBANI.
2559 800 2691 865 333

578 1002 616 1037 “
659 1003 731 1065 et
776 997 1222 1067 Sacrosanctae
1286 998 1592 1067 Ecclesiae
1655 1000 1974 1067 Romanae
2018 1000 2399 1066 immediate
2444 999 2694 1087 subjec-
2753 1014 2895 1069 John
2916 1016 3010 1082 11..

579 1109 613 1137 “
659 1105 820 1169 tum.
910 1101 1071 1168 Non
1114 1123 1234 1168 vos
1277 1102 1444 1167 latet
1491 1101 1655 1188 quin
1698 1102 1932 1168 Abbas
1978 1101 2213 1169 Sancti
2261 1102 2509 1168 Albani
2541 1102 2698 1188 jura
2787 1085 2979 1213 ssfflt'

578 1208 615 1239 “
659 1204 1068 1290 pontificalia
1109 1204 1186 1269 in
1230 1224 1351 1269 suo
1382 1204 1800 1284 monasterio,
1830 1204 2026 1283 cellis,
2072 1210 2143 1271 et
2186 1205 2472 1271 ecclesiis
2516 1203 2697 1270 villae
2812 1215 2949 1266 ΑΒ.

580 1311 618 1341 “
664 1303 895 1371 Sancti
936 1305 1208 1385 Albani,
1253 1326 1331 1370 ac
1375 1304 1524 1370 aliis
1569 1304 2045 1390 adjacentibus,
2107 1306 2365 1385 habeat,
2438 1310 2509 1372 et
2577 1304 2697 1371 ha·
2759 1286 3003 1387 ¹²J⁵jf⁰⁶

580 1413 618 1442 “
663 1405 814 1472 buit
856 1428 900 1471 a
941 1406 1341 1494 longissimis
1361 1406 1793 1495 temporibus.
1885 1407 2051 1475 Haec
2080 1408 2402 1495 siquidem
2432 1408 2697 1474 notoria
2721 1412 2780 1466 of
2806 1414 2892 1466 the

583 1513 622 1545 “
665 1512 838 1587 sunt,
885 1511 956 1575 et
1000 1507 1279 1594 publica,
1351 1529 1501 1595 quae
1559 1507 1745 1574 nulla
1805 1514 2084 1595 possunt
2149 1510 2699 1598 tergiversatione
2721 1481 3025 1599 &pexus

585 1617 619 1644 “
663 1609 877 1674 celari.
983 1608 1214 1675 Habet
1259 1609 1465 1676 etiam
1509 1609 1741 1675 Abbas
1785 1609 1912 1677 loci
1958 1610 2266 1698 praedicti
2306 1633 2443 1678 non
2487 1611 2699 1677 solum
2723 1613 2782 1663 of
2809 1613 2883 1664 St·

585 1718 623 1747 “
670 1710 686 1748 ¹
706 1710 879 1797 juris
923 1711 1339 1797 pontificalis,
1371 1712 1551 1797 quod
1596 1710 1861 1778 obtinet
1903 1712 1977 1777 in
2021 1713 2305 1780 ecclesiis
2340 1713 2698 1801 praedictis,
2724 1678 3014 1825 ἓξζέζὸη

582 1820 618 1847 “
661 1833 894 1877 verum
968 1813 1174 1878 etiam
1239 1834 1326 1879 ex
1390 1811 1657 1898 speciali
1726 1812 2076 1900 privilegio
2138 1813 2411 1879 Domini
2480 1815 2699 1903 Papae,
2726 1811 2784 1862 of
2809 1811 2944 1888 ghent

583 1918 624 1948 “
667 1909 845 1998 quod
889 1911 1101 1999 possit
1145 1911 1228 1976 de
1273 1911 1436 1996 ipsis
1481 1909 1773 1977 ecclesiis
1828 1911 2152 1990 ordinare,
2198 1918 2269 1979 et
2319 1914 2394 1978 in
2455 1912 2703 1979 eisdem
2727 1876 3029 1994 ssffiissch

585 2018 623 2050 “
667 2011 1085 2099 presbyteros
1130 2011 1412 2098 eligere3
1473 2011 1715 2098 quibus
1759 2011 2075 2078 nimirum
2120 2013 2524 2099 presbyteris
2553 2036 2704 2081 cum
2731 2010 2793 2059 ⁰¹⁹
2818 2010 2894 2061 S*-

583 2119 620 2150 “
665 2117 935 2178 tantum
977 2113 1438 2201 assignaverit,
1482 2112 1662 2179 unde
1706 2113 1927 2180 victus
1973 2118 2045 2180 et
2089 2115 2373 2182 vestitus
2439 2116 2467 2153 ²
2485 2137 2704 2182 neces-
2727 2076 3043 2194 Ξῗῒῧῖἰῃω.

586 2217 623 2247 “
666 2211 873 2276 sarios
916 2210 1172 2298 possint
1215 2210 1493 2277 honeste
1538 2210 1892 2299 percipere,
1962 2211 2124 2277 licet
2187 2214 2505 2300 quicquid
2547 2214 2707 2279 resi-

586 2318 624 2348 “
670 2310 877 2378 duum
920 2311 1123 2378 fuerit
1166 2312 1240 2376 in
1284 2312 1583 2399 proprios
1630 2334 1793 2378 usus
1836 2318 2260 2395 convertere3
2302 2320 2502 2402 prout
2567 2315 2709 2382 haec

592 2419 628 2452 ‘⁸
672 2434 758 2479 ex
802 2413 1182 2501 PrivilegiO,
1230 2435 1451 2481 coram
1497 2413 1688 2480 vobis
1739 2415 2038 2496 recitato,
2101 2416 2388 2483 dilucide
2440 2439 2712 2504 appare-

588 2521 626 2550 “
666 2514 853 2581 bant.
975 2514 1146 2582 Cum
1213 2515 1445 2602 itaque
1512 2515 1784 2582 ecclesia
1861 2514 2094 2582 Sancti
2154 2517 2339 2583 Petri
2402 2518 2486 2584 de
2547 2518 2715 2584 villa

591 2622 628 2652 ‘⁴
673 2615 903 2682 Sancti
950 2616 1204 2683 Albani
1247 2639 1388 2683 una
1456 2616 1872 2683 ecclesiarum
1934 2618 2401 2705 praedictarum
2446 2620 2715 2700 existat,

591 2725 626 2756 “
665 2716 740 2781 in
784 2739 920 2803 qua
961 2717 1187 2785 idonei
1231 2718 1609 2806 presbyteri
1668 2723 1831 2785 sunt
1876 2718 1963 2784 ad
2007 2719 2380 2786 animarum
2424 2721 2718 2810 regimen

595 2823 631 2854 “
675 2819 987 2896 ordinati,
1031 2819 1490 2907 percipientes,
1527 2821 1800 2908 juxtam
1845 2820 2125 2887 formam
2156 2824 2563 2910 praedictam,
2593 2847 2709 2890 ne-

597 2929 637 2959 “
681 2921 962 2987 cessaria
1005 2921 1444 3004 sufficientia3
1505 2926 1575 2989 et
1618 2923 1884 2989 residua
1940 2928 2384 3010 proventuum
2429 2926 2719 3013 ejusdem

599 3028 634 3060 ‘⁶
679 3022 986 3104 ecclesiae,
1019 3024 1224 3110 juxta
1277 3023 1555 3090 formam
1619 3025 1916 3104 eandem,
1960 3025 2035 3090 in
2078 3047 2239 3093 usus
2299 3027 2509 3114 ipsius
2576 3028 2718 3096 Mo-

595 3130 634 3160 “
679 3124 953 3190 nasterii
997 3123 1233 3192 Sancti
1276 3124 1536 3192 Albani
1566 3125 1705 3193 sint
1735 3147 2066 3205 conversa,
2099 3133 2170 3194 et
2199 3129 2404 3194 etiam
2450 3127 2721 3211 fuerint,

599 3234 636 3262 “
680 3248 724 3291 a
768 3232 1064 3313 tempore
1094 3225 1303 3293 felicis
1332 3228 1807 3294 recordationis
1838 3227 2126 3294 Adriani
2156 3228 2373 3316 Papae,
2406 3235 2477 3296 et
2505 3236 2720 3309 antea,

605 3334 641 3364 “
688 3328 808 3415 qui
855 3328 1136 3393 eandem
1180 3328 1539 3410 ecclesiam,
1592 3329 1798 3417 juxta
1860 3330 2140 3395 eandem
2184 3329 2464 3396 formam
2509 3336 2580 3397 et
2621 3354 2722 3397 or-

603 3433 641 3465 “
683 3428 1115 3509 dinationem,
1157 3428 1232 3494 in
1275 3451 1434 3496 usus
1481 3431 1645 3497 dicti
1692 3430 2086 3497 Monasterii
2153 3432 2525 3519 specialiter
2567 3453 2720 3499 con-

601 3539 639 3568 “
682 3531 997 3613 firmavit,
1039 3537 1242 3619 prout
1284 3533 1498 3612 vobis,
1540 3556 1628 3601 ex
1671 3534 1949 3601 ostensis
1992 3534 2471 3615 instrumentis,
2514 3536 2725 3624 liquet

601 3641 638 3669 “
683 3632 1073 3713 evidenter3
1112 3633 1357 3700 habuit
1399 3635 1606 3701 etiam
1666 3635 1843 3702 idem
1894 3635 2373 3702 Monasterium
2417 3638 2726 3725 possessi-

601 3743 637 3770 “
684 3754 875 3800 onem
923 3734 1133 3821 ipsius
1177 3735 1465 3803 ecclesius
1501 3736 1914 3823 pacificatam
1949 3758 1991 3802 a
2018 3737 2318 3825 praefatis
2348 3745 2526 3806 retro
2556 3744 2723 3806 tem-

605 3843 644 3872 “
687 3835 1002 3922 poribus3
1071 3835 1251 3922 quod
1315 3836 1582 3922 quidem
1644 3837 1982 3905 notorium
2026 3843 2147 3920 est,
2213 3845 2285 3906 et
2343 3840 2727 3928 publicum3

606 3945 645 3973 “
691 3936 1075 4003 nullatenus
1119 3937 1252 4003 dici
1297 3939 1562 4026 poterit,
1612 3939 1791 4027 quod
1835 3945 2028 4007 vacet
2092 3941 2359 4008 ecclesia
2400 3942 2722 4032 praefata:

606 4046 640 4075 “
683 4038 867 4104 unde
910 4038 997 4104 ad
1040 4039 1244 4121 illam,
1290 4045 1433 4106 tam
1477 4041 1735 4108 notorie
1777 4064 1821 4107 a
1863 4047 2058 4120 tanto
2103 4046 2403 4131 tempore
2463 4043 2728 4110 ordina-

606 4147 642 4175 “
686 4145 843 4218 tam,
887 4145 1112 4226 partes
1154 4141 1470 4207 videntur
1497 4141 1879 4210 nullatenus
1909 4165 1978 4210 se
2006 4145 2378 4210 extendere.
2471 4145 2565 4210 Et
2606 4145 2728 4211 hoc

609 4246 650 4277 “
693 4242 961 4327 quidem
1006 4242 1094 4307 ad
1136 4242 1263 4309 hoc
1305 4243 1521 4309 solum
1566 4246 1998 4331 proponimus
2058 4249 2127 4311 et
2172 4245 2595 4324 ostendimus,
2639 4245 2727 4311 ad

609 4348 646 4377 “
691 4348 988 4407 vestrum
1036 4343 1109 4407 in
1151 4344 1276 4410 hac
1320 4350 1513 4431 parte
1569 4345 1854 4411 officium
1900 4345 2379 4424 declinandum,
2421 4353 2729 4434 rogantes

610 4440 652 4478 “
698 4443 1162 4510 discretionem
1199 4450 1501 4526 vestra-m,
1528 4453 1857 4534 quatenus
1885 4448 2143 4512 intuitu
2174 4448 2316 4525 Dei,
2346 4448 2374 4486 ⁸
2392 4455 2453 4515 et
2480 4456 2728 4529 coetera,

678 4618 695 4651 ¹
722 4622 751 4647 ‘⁴
770 4619 913 4681 vim‚’'
937 4636 995 4670 or
1032 4636 1064 4670 a
1097 4621 1282 4672 similar
1307 4624 1463 4686 word,
1484 4623 1527 4674 is
1550 4639 1638 4689 ap·
1702 4624 1883 4675 MSS.

612 4699 854 4764 parcntly
880 4698 1087 4750 omitted
1109 4701 1244 4751 herc.
1795 4703 1818 4735 ³
1841 4703 1927 4755 Sic
1953 4702 2006 4753 in
2029 4703 2183 4756 MSS.

676 4775 699 4810 ²
719 4778 1042 4845 Apparently
1113 4784 1379 4831 necessarii
1431 4782 1486 4831 in
1551 4783 1636 4833 the
