3450 5717
810 824 894 887 12
1523 838 1746 890 ossi-A
1789 838 2124 892 Assumit

458 1053 764 1175 ⁴5¹1?th
921 1059 1377 1149 Nota—-qwod
1417 1063 1670 1130 Beatus
1712 1064 2037 1131 Albam
2079 1071 2436 1152 surreptus
2466 1064 2642 1152 suit,
2692 1070 2752 1131 et

543 1217 680 1230 —.
1597 1219 1603 1224 .
1676 1166 2045 1234 restitutus.
2113 1185 2120 1194 ·

459 1315 571 1367 The
592 1318 751 1369 bonas
908 1306 1131 1394 Hujus
1213 1329 1473 1395 quoque
1547 1308 1837 1375 Abbatis
1929 1316 2240 1398 tempore,
2290 1377 2295 1381 ,
2330 1309 2884 1376 debacchantibus

456 1382 641 1510 3533,
664 1450 750 1501 the
789 1408 998 1476 Danis
1046 1410 1121 1474 in
1168 1407 1433 1498 Anglia,
1482 1409 1508 1448 ¹
1526 1411 1640 1498 qui
1685 1412 2095 1499 superficiem
2147 1418 2343 1479 terrae
2397 1417 2890 1500 cooperuerant,

455 1515 740 1567 Protomar-
790 1511 1252 1577 inaestimabile
1281 1511 1593 1579 facientes
1638 1514 2129 1594 exterminium,
2178 1520 2247 1580 et
2292 1515 2379 1580 ad
2420 1514 2741 1581 Sanctum
2771 1515 2889 1581 Al-

455 1589 750 1702 ozrriiffoff
786 1614 1036 1679 banum
1082 1613 1413 1680 hostiliter
1455 1616 1821 1695 venientes,
1853 1639 2003 1682 cum
2046 1617 2388 1683 audissent
2416 1617 2596 1703 quod
2624 1618 2887 1705 Angliae

452 1716 524 1830 ξ’
545 1716 630 1768 the
786 1715 1245 1803 Protomartyr
1289 1718 1520 1784 extitit
1567 1717 2055 1800 famosissimus,
2103 1742 2247 1785 ossa
2297 1720 2454 1807 ejus,
2502 1719 2708 1786 fracta
2737 1742 2890 1807 cap-

452 1791 726 1902 Dssffigrtss
784 1819 942 1899 side,
987 1824 1365 1907 rapuerunt,
1430 1825 1498 1886 et
1567 1821 1641 1886 in
1708 1844 1897 1888 suam
1949 1822 2281 1910 regionem
2328 1821 2751 1902 detulerunt3
2818 1827 2888 1888 et

784 1943 862 1987 ea
906 1920 1002 1986 ibi
1030 1927 1422 1988 veneranter
1467 1923 1541 1987 in
1588 1923 1829 1990 feretro
1875 1926 2178 2012 pretiose,
2223 1923 2310 1988 ad
2349 1923 2472 1989 hoc
2519 1924 2889 2010 specialiter

779 2022 1115 2103 fabricato,
1164 2030 1615 2110 reposuerunt,
1685 2026 1760 2090 in
1820 2026 2107 2113 quadam
2167 2026 2357 2092 domo
2413 2026 2883 2114 religiosorum,

783 2126 1048 2204 scilicet,
1110 2125 1582 2193 Monachorum
1644 2128 1710 2193 N
1713 2130 2049 2217 igrorum3
2125 2134 2222 2208 ut,
2275 2128 2445 2194 sicut
2485 2128 2557 2194 in
2616 2129 2881 2217 Anglia,

782 2228 875 2294 sic
925 2228 1000 2292 in
1060 2228 1282 2308 Dacia,
1331 2228 1754 2296 conformiter
1797 2234 2240 2297 veneraretur.
2355 2229 2489 2296 Sed
2541 2232 2698 2317 quia
2747 2253 2884 2297 non

785 2330 1038 2417 placuit
1089 2329 1336 2397 Sancto
1385 2331 1483 2396 ibi
1529 2334 1932 2413 commorari,
1980 2338 2060 2398 ut
2105 2333 2316 2420 liquet
2360 2354 2478 2420 per
2521 2335 2880 2420 sequentia,

785 2434 898 2499 sed
932 2432 1152 2519 potius
1195 2432 1311 2498 ubi
1356 2435 1745 2521 sanguinem
1789 2458 1907 2523 pro
1956 2435 2220 2502 Christo
2263 2434 2460 2517 fudit,
2510 2433 2537 2473 ²
2557 2457 2744 2501 suam
2789 2437 2881 2503 sic

780 2535 1158 2623 procuravit
1185 2535 1736 2622 repatriationem.

869 2749 896 2789 ³
919 2750 1227 2834 Qualiter
1268 2773 1414 2818 ‘non
1449 2750 1723 2838 placuit
1752 2751 1955 2817 Beato
1985 2749 2258 2817 Alboeno
2304 2749 2479 2817 alibi
2522 2751 2789 2817 ‘morari

1427 2852 1577 2920 nisi
1627 2851 1751 2919 ubi
1788 2874 2040 2940 passus
2083 2859 2188 2919 est.

445 2994 556 3046 The
577 2997 747 3047 Danas
870 2988 1040 3055 Cum
1083 2988 1425 3055 Danorum
1472 2989 1687 3056 rabies
1733 2991 1806 3056 in
1850 2989 2098 3077 Anglia
2141 2988 2408 3056 feralius
2451 2993 2877 3077 grassaretur,

444 3062 756 3194 {gssedssfssg
781 3095 849 3157 et
910 3091 1152 3178 praedis
1214 3092 1435 3157 omnia
1494 3096 1819 3178 paterent,
1869 3095 1940 3158 et
1992 3092 2328 3168 incendiis,
2394 3113 2514 3158 nec
2572 3095 2715 3158 erat
2760 3092 2877 3177 qui

447 3211 596 3260 carry
618 3197 696 3246 off
778 3194 1127 3271 resisteret,
1172 3200 1736 3281 praesumpserunt
1785 3200 1854 3259 et
1905 3194 2034 3282 ipsi
2088 3193 2445 3260 Ecclesiam
2512 3193 2706 3259 Beati
2756 3193 2875 3258 Al-

444 3263 708 3380 &egmnus
777 3296 937 3361 bani
989 3296 1281 3361 feraliter
1325 3296 1655 3377 invadere,
1688 3301 1775 3374 et,
1827 3296 2247 3383 exigentibus
2290 3296 2572 3383 peccatis
2614 3295 2874 3361 inhabi-

444 3396 632 3447 Alban.
777 3398 1089 3477 tantium,
1142 3399 1573 3485 permittente
1617 3399 1777 3478 Dec,
1843 3402 2063 3464 totum
2120 3399 2405 3465 ecclesiae
2467 3398 2872 3477 thesaurum,

776 3502 851 3565 in
893 3500 1088 3580 vasiS,
1134 3500 1564 3580 vestimentis,
1611 3500 1687 3565 in
1731 3500 2024 3587 praedam
2069 3500 2393 3587 diripere3
2438 3500 2582 3567 loca
2624 3504 2871 3581 sancta,

778 3607 847 3669 et
891 3603 1246 3670 Beatorum
1301 3603 1676 3689 Martyrum
1721 3602 2066 3691 primitivo
2110 3604 2431 3690 sanguine
2486 3609 2872 3681 consecrata,

775 3706 1156 3791 profanare3
1200 3727 1349 3770 ossa
1393 3726 1652 3792 quoque
1698 3705 1895 3771 Beati
1924 3705 2191 3784 Albani,
2235 3705 2608 3792 Anglorum
2640 3705 2870 3770 Proto-

776 3807 1112 3893 martyris,
1163 3806 1511 3872 extrahere
1556 3805 1638 3872 de
1681 3806 1925 3884 locell0,
1972 3813 2042 3871 et
2102 3806 2178 3871 in
2223 3806 2500 3873 Daciam
2541 3812 2872 3894 transpor-

774 3912 934 3987 tare,
982 3908 1294 3996 sacrilega
1323 3907 1698 3974 temeritate
1743 3913 2312 3995 praesumpserunt,
2344 3909 2677 3975 credentes
2703 3908 2873 3975 forte

775 4012 918 4078 Deo
961 4011 1231 4098 placere,
1295 4010 1353 4076 si
1420 4011 1491 4075 in
1553 4032 1779 4077 eorum
1842 4011 2090 4077 finibus
2135 4012 2327 4078 novis
2378 4012 2601 4079 titulis
2646 4034 2872 4078 corus-

773 4118 967 4181 caret.

891 4396 977 4444 qm
1052 4418 1066 4432 .
1091 4417 1105 4432 .
1130 4417 1143 4431 .
1168 4418 1182 4431 .
1206 4418 1219 4431 .
1289 4381 1620 4430 exterminium
1706 4388 1769 4439 et,
1929 4377 1953 4411 ³
1975 4378 2086 4431 The
2121 4378 2286 4431 whole
2329 4379 2387 4431 of
2424 4379 2522 4430 this
2565 4387 2782 4431 account
2823 4381 2868 4431 is

772 4458 980 4510 omitted
1000 4458 1055 4509 in
1077 4458 1189 4510 MS.
1215 4458 1465 4524 Spelman.
1863 4457 2068 4509 omitted
2087 4459 2142 4508 in
2164 4459 2354 4509 Wats's
2375 4466 2500 4522 text,
2519 4475 2568 4524 p.
2591 4465 2674 4522 38,
2701 4475 2757 4510 as
2777 4469 2870 4511 not

835 4535 858 4569 ²
872 4553 969 4603 per
1007 4537 1297 4586 indum-iam
1328 4545 1373 4588 et
1411 4534 1651 4588 cautelam
1683 4553 1772 4586 cu-
1863 4538 2015 4602 being
2035 4537 2087 4587 in
2109 4537 2223 4589 MS.
2242 4539 2394 4589 Nero.
2418 4537 2485 4589 D.
2507 4537 2575 4599 i.;
2609 4538 2803 4604 though
2824 4538 2869 4590 it

757 4615 962 4681 jusdam
1010 4614 1244 4676 monachi,
1278 4618 1461 4667 nomine
1490 4615 1768 4682 Eqwinum,
1862 4616 1906 4668 is
1941 4617 2082 4668 there
2114 4618 2332 4668 referred
2370 4624 2439 4678 to,
2473 4625 2526 4668 at
2557 4616 2643 4668 the
2675 4617 2781 4668 foot
2812 4617 2874 4669 of

771 4712 909 4745 suam
934 4696 1228 4760 procuravit
1273 4697 1679 4762 repatriationem,
1714 4696 1768 4746 in
1863 4695 1984 4748 folio
2006 4701 2071 4747 30
2084 4697 2133 4749 b.

773 4775 887 4826 MS.
912 4775 1164 4840 Spelman.
