3450 5717
831 813 962 877 364
1586 828 1802 878 assu
1844 826 2176 878 ABBATUM

521 1045 662 1096 John
683 1048 738 1098 Π
834 1017 871 1039 “
910 1013 1007 1069 vel
1045 1013 1391 1080 breviorem,
1433 1021 1497 1070 et
1548 1016 1728 1071 etiam
1779 1033 1887 1087 per
1939 1014 2356 1074 rationabilem
2397 1012 2936 1077 summonitionem,

583 1116 711 1164 23rd
741 1086 772 1111 ”
833 1100 871 1125 “
910 1116 1046 1153 cum
1110 1099 1427 1171 contigerit
1465 1101 1816 1172 praedictum
1851 1099 2224 1156 hundredum
2270 1098 2345 1155 ob
2396 1099 2657 1171 aliquam
2697 1116 2935 1155 causam

554 1181 751 1243 Abbot,
832 1185 871 1208 “
910 1184 985 1238 ad
1019 1189 1245 1239 certum
1281 1184 1476 1239 locum
1513 1185 1865 1241 submoneri.
1947 1184 2043 1241 Ita
2096 1185 2272 1257 quod,
2330 1185 2381 1241 si
2417 1184 2702 1256 praedicta
2734 1183 2942 1238 villata

528 1248 752 1366 121351-{30
833 1270 870 1294 “
910 1269 1117 1324 fecerit
1158 1269 1437 1325 defaltam
1461 1269 1537 1325 ad
1561 1271 1802 1342 aliquod
1837 1270 2235 1336 hundredum,
2260 1270 2412 1325 sicut
2443 1268 2792 1353 praedictnm
2827 1272 2938 1331 est,

753 1354 766 1367 '
833 1355 870 1378 “
910 1352 1067 1408 idem
1112 1352 1315 1409 Abbas
1373 1354 1575 1410 Sancti
1629 1354 1863 1421 Albani,
1922 1360 1983 1411 et
2046 1372 2414 1411 successores
2469 1354 2582 1420 sui,
2644 1352 2942 1408 habebunt

833 1440 870 1463 ‘⁶
912 1443 1161 1508 quatuor
1196 1438 1413 1494 solidos
1450 1438 1523 1494 de
1567 1440 1773 1494 eadem
1805 1439 2017 1495 villata
2050 1457 2158 1510 pro
2197 1438 2458 1511 qualibet
2504 1437 2727 1493 defalta
2762 1453 2940 1508 qnam

831 1524 868 1548 “
909 1523 1113 1577 eadem
1146 1522 1352 1578 villata
1387 1523 1595 1578 fecerit
1641 1523 1717 1579 ad
1740 1523 2091 1595 praedictum
2115 1522 2516 1589 hundredum3
2558 1527 2619 1578 et
2642 1521 2935 1585 similiter,

831 1609 867 1633 ‘⁴
909 1607 1064 1677 quod
1110 1607 1394 1679 praedicta
1428 1607 1635 1664 villata
1666 1608 1868 1664 veniet
1918 1627 2025 1682 per
2075 1608 2586 1664 summonitionem
2630 1607 2704 1662 ad
2763 1605 2938 1662 villas

829 1694 866 1716 “
905 1691 1370 1764 propinquiores,
1403 1710 1539 1748 cum
1570 1692 1794 1748 villatis
1830 1692 2369 1766 propinquioribus,
2411 1691 2485 1746 ad
2516 1708 2716 1746 omnes
2745 1690 2940 1762 inqui·

828 1780 864 1801 “
906 1775 1144 1831 sitiones
1201 1776 1519 1843 faciendas,
1578 1794 1685 1849 pro
1738 1783 1926 1834 morte
1975 1776 2252 1843 hominis,
2297 1777 2394 1833 vel
2431 1792 2776 1848 quocunqne
2817 1775 2938 1829 alio

826 1863 864 1888 “
905 1861 1222 1916 infortunio
1273 1867 1553 1933 tangente
1616 1879 1892 1918 coronam
1951 1862 2191 1918 Domini
2249 1861 2469 1933 Regis3
2536 1866 2596 1916 et
2652 1860 2728 1916 ad
2781 1860 2934 1915 alias

827 1948 863 1971 ‘⁴
904 1945 1341 2002 convocationes
1380 1945 1677 2002 faciendas
1724 1964 1834 2018 pro
1873 1948 2288 2003 communitate
2324 1945 2588 2017 ejusdem
2616 1943 2930 2001 hundredi.

826 2031 863 2054 “
902 2029 983 2084 Et
1017 2028 1173 2084 idem
1194 2029 1393 2085 Abbas
1418 2028 1946 2097 westmonasterii,
1974 2037 2036 2087 et
2077 2048 2446 2087 successores
2482 2029 2594 2095 sni,
2617 2033 2937 2100 praesenta-

827 2115 865 2138 “
904 2113 1051 2168 bunt
1102 2113 1444 2169 Coronatori
1502 2114 1795 2171 libertatis
1838 2115 2104 2187 ejusdem
2143 2114 2391 2171 Abbatis
2442 2112 2514 2168 de
2561 2112 2770 2168 Sancto
2828 2112 2936 2166 Al-

828 2200 866 2223 “
903 2197 1070 2263 bane,
1115 2203 1176 2254 et
1222 2215 1625 2254 successorum
1664 2217 1926 2266 suorum,
1967 2198 2041 2254 de
2080 2199 2287 2255 eodem
2320 2196 2646 2262 hundredo,
2683 2212 2793 2268 per
2838 2196 2938 2251 lit-

827 2285 864 2309 “
892 2288 1060 2338 teras
1097 2300 1233 2339 suas
1273 2289 1558 2355 patentes,
1603 2284 1890 2339 ballivum
1926 2301 2101 2339 suum
2148 2283 2221 2338 de
2256 2281 2623 2347 Audenham,
2665 2279 2936 2354 quotiens

826 2370 863 2394 “
904 2366 976 2421 de
1035 2385 1184 2423 novo
1237 2368 1427 2423 factus
1477 2368 1659 2423 fuerit
1704 2367 1961 2423 ballivus
2015 2366 2284 2439 ejusdem
2324 2367 2574 2423 manerii
2612 2388 2629 2433 ;
2683 2365 2806 2438 qui,
2862 2365 2936 2420 de

825 2455 863 2478 “
902 2459 1194 2524 praecepto
1247 2452 1516 2525 ejusdem
1553 2452 1951 2519 coronatoris,
1995 2452 2251 2508 fideliter
2302 2452 2479 2507 faciet
2527 2451 2590 2505 in
2651 2449 2935 2523 praedicto

826 2540 863 2564 “
901 2537 1180 2602 manerio,
1221 2542 1282 2591 et
1316 2537 1381 2592 in
1414 2537 1591 2592 terris
1626 2537 2064 2609 pertinentibus
2107 2536 2183 2592 ad
2215 2537 2375 2592 idem
2409 2535 2759 2601 manerium,
2797 2552 2934 2590 cum

824 2624 862 2648 “
899 2639 1138 2677 necesse
1179 2622 1377 2687 fuerit,
1430 2638 1629 2678 omnes
1684 2622 2164 2680 summonitiones
2212 2626 2271 2676 et
2306 2620 2349 2691 ᾗ)
2375 2620 2821 2687 atachiamenta,
2859 2624 2936 2675 'et

827 2708 865 2732 ‘⁴
904 2705 1359 2761 amerciamenta
1393 2711 1455 2762 et
1488 2706 1634 2761 fines
1672 2706 1913 2763 levabit.
2012 2706 2092 2761 Et
2128 2705 2384 2763 ballivus
2429 2703 2635 2761 Sancti
2693 2703 2929 2769 Albani,

829 2792 867 2815 ‘⁶
906 2806 1042 2844 cum
1095 2789 1385 2861 receperit
1432 2789 1673 2860 aliquod
1708 2795 2014 2846 retornum
2053 2789 2251 2847 brevis
2304 2790 2606 2862 tangentis
2673 2789 2932 2861 aliquam

826 2877 864 2901 “
902 2878 1172 2929 tenuram
1209 2873 1474 2946 ejusdem
1511 2874 1778 2941 manerii,
1819 2893 1926 2947 pro
1978 2874 1996 2907 ¹
2019 2874 2518 2931 atthachiamento
2553 2873 2825 2930 faciendo
2859 2872 2934 2928 de

825 2960 863 2984 ‘⁸
902 2957 1099 3029 aliquo
1157 2957 1392 3013 homine
1444 2958 1509 3013 in
1559 2958 1766 3013 eadem
1817 2959 1983 3025 villa,
2046 2959 2245 3014 mittet
2306 2964 2568 3014 tenorem
2620 2957 2786 3013 illius
2841 2975 2932 3011 re-

824 3045 861 3069 “
900 3041 1055 3097 torni
1089 3041 1198 3098 sub
1236 3041 1437 3113 sigillo
1477 3059 1583 3098 suo
1606 3041 1827 3098 ballivo
1862 3043 1937 3098 de
1974 3042 2341 3107 Audenham,
2383 3041 2487 3113 qui
2528 3042 2929 3097 executionem

823 3130 861 3153 “
900 3125 1062 3181 illius
1103 3126 1324 3181 retorni
1359 3125 1554 3192 faciet,
1595 3132 1665 3181 ut
1712 3126 1777 3181 in
1818 3126 2105 3182 sammoni
2113 3125 2386 3193 tionibus,
2438 3126 2926 3193 attachiamentis,

823 3216 860 3237 ‘⁴
899 3216 961 3265 et
1007 3210 1139 3266 aliis
1186 3209 1486 3276 faciendis,
1530 3211 1881 3282 praedictum
1916 3211 2094 3268 breve
2140 3212 2538 3284 tangentibus.
2611 3211 2693 3267 Et
2731 3211 2782 3267 si
2805 3210 2930 3266 bal-

823 3300 861 3323 ‘⁶'
898 3296 1054 3351 livus
1106 3294 1356 3351 Abbatis
1413 3295 1615 3351 Sancti
1670 3295 1889 3352 Albani
1944 3296 2132 3369 possit
2185 3296 2468 3369 placitare
2522 3295 2702 3352 breve
2757 3294 2928 3359 illud,

823 3385 860 3414 ‘⁸
900 3386 1039 3436 tunc
1074 3380 1329 3436 ballivus
1382 3379 1581 3436 Sancti
1643 3381 1862 3437 Albani
1921 3381 2270 3438 certificabit
2329 3379 2616 3437 ballivum
2669 3381 2743 3436 de
2807 3379 2933 3435 Au-

823 3471 860 3493 ·‘
900 3465 1149 3521 denham
1186 3482 1302 3536 quo
1351 3464 1446 3519 die
1500 3465 1711 3520 debeat
1750 3465 2030 3538 placitare
2092 3466 2376 3538 placitum
2421 3465 2606 3531 illud;
2679 3470 2741 3520 et
2787 3469 2926 3520 tunc

819 3556 855 3579 “
896 3550 1071 3606 saciet
1115 3549 1370 3605 ballivus
1421 3549 1494 3605 de
1541 3546 1891 3604 Audenham
1927 3568 2296 3607 summouere
2321 3550 2546 3607 curiam
2582 3549 2655 3605 de
2687 3548 2929 3605 Auden-

822 3640 859 3663 “
898 3637 1037 3691 ham
1082 3633 1157 3689 ad
1205 3634 1364 3689 diem
1412 3633 1619 3700 illum3
1682 3640 1744 3690 et
1794 3634 1867 3689 de
1916 3634 2466 3691 summonitionibus
2532 3639 2595 3690 et
2644 3633 2927 3689 attachia-

822 3725 860 3748 “
899 3719 1111 3775 mentis
1171 3718 1457 3791 placitum
1528 3717 1678 3774 inud
1746 3719 2139 3792 tangentibus,
2204 3719 2300 3774 die
2372 3719 2477 3774 ino
2547 3718 2930 3791 respondebit

823 3808 859 3832 ‘⁶
898 3803 1116 3860 ballivo
1152 3803 1226 3859 de
1264 3802 1479 3859 Sancto
1513 3803 1762 3859 Albano.
1838 3804 1920 3859 Et
1968 3804 2021 3860 si
2057 3804 2315 3860 ballivus
2351 3803 2425 3860 de
2464 3802 2677 3860 Sancto
2698 3802 2928 3858 Albano

822 3893 859 3916 ‘⁶
899 3886 1096 3960 aliquo
1152 3887 1248 3943 die
1294 3882 1516 3943 'statuto
1567 3888 1642 3943 ad
1690 3888 2037 3961 praedictum
2094 3889 2381 3962 placitum
2432 3886 2750 3944 tenendum
2806 3904 2925 3943 non

821 3978 859 4002 ‘⁶
898 3973 1144 4036 venerit,
1183 3978 1323 4027 tunc
1370 3972 1624 4029 ballivus
1675 3973 1749 4029 de
1784 3973 2151 4037 Audenham,
2183 3975 2247 4029 in
2283 3973 2550 4030 absentia
2577 3992 2698 4038 sua,
2739 3972 2922 4044 placi-

822 4063 860 4086 “
898 4058 1048 4114 tabit
1087 4057 1373 4130 placitum
1408 4057 1578 4123 illud,
1627 4059 1795 4114 salva
1848 4058 2068 4115 ballivo
2121 4059 2324 4115 Sancti
2362 4058 2580 4115 Albani
2630 4062 2919 4131 potestate

821 4147 858 4171 ‘⁶
897 4142 1251 4214 procedendi
1310 4142 1371 4196 in
1428 4141 1534 4197 illo
1583 4142 1804 4214 placito
1867 4143 2075 4199 diebus
2141 4144 2541 4216 sequentibus,
2597 4143 2648 4198 si
2697 4140 2921 4196 ibidem

822 4232 860 4255 “
897 4227 1144 4284 venerit.
1220 4226 1316 4282 Ita
1353 4226 1528 4298 quod,
1571 4228 1623 4283 si
1658 4226 1915 4284 ballivus
1953 4228 2027 4283 de
2069 4227 2422 4284 Audenham
2469 4228 2535 4283 in
2581 4227 2921 4283 executione

821 4315 859 4340 ‘⁸
900 4312 1004 4367 illa
1068 4311 1335 4367 facienda
1380 4310 1679 4377 defecerit,
1736 4318 1877 4368 tunc
1932 4312 2136 4368 licebit
2187 4311 2406 4368 ballivo
2465 4312 2668 4368 Sancti
2704 4311 2926 4368 Albani

822 4398 861 4423 “
899 4395 1180 4468 praedicta
1221 4395 1669 4451 attachiamenta
1704 4400 1766 4451 et
1805 4396 2284 4452 summonitiones
2321 4398 2531 4461 facere,
2573 4402 2634 4453 et
2681 4397 2826 4452 fines
2863 4401 2927 4451 et

823 4484 861 4507 “
902 4480 1351 4536 amerciamenta
1402 4480 1620 4552 placita
1671 4480 1779 4536 illa
1837 4481 2142 4554 tangentia
2193 4480 2408 4536 levare.
2501 4480 2582 4535 Et
2639 4498 2750 4553 pro
2809 4479 2923 4535 hac

824 4566 861 4591 ‘⁸
899 4565 1314 4636 recognitione,
1354 4565 1743 4632 concessione,
1793 4565 1927 4634 fine,
1974 4571 2034 4622 et
2068 4565 2393 4632 concordia,
2447 4565 2765 4637 praedictus
2800 4564 2926 4621 Ab·

1480 4819 1496 4852 ¹
1523 4819 1609 4873 Sic
1628 4821 1684 4871 in
1705 4821 1819 4874 MS.
1844 4820 2084 4874 Claudius
2105 4821 2165 4875 E.
2188 4820 2259 4875 iv.

826 4740 1057 4751 *—
