3450 5717
1091 846 1512 898 MONASTERII
1560 845 1807 898 SANc'rI
1854 845 2126 899 ALBANI.
2570 839 2607 902 6
2615 838 2653 897 3

1223 1086 1435 1175 Sylva
1479 1084 1561 1154 de
1603 1088 1680 1155 N
1677 1088 1977 1175 orthaya.
2680 1097 2963 1213 PaAukath

648 1219 948 1285 Tradidit
1007 1219 1278 1307 insuper
1339 1220 1423 1285 ad
1484 1220 1749 1285 firmam
1813 1223 2011 1286 Petro
2058 1221 2317 1286 Seniori
2383 1221 2465 1286 de
2526 1221 2658 1286 Va·
2764 1202 2926 1280 A.D.’

556 1323 752 1387 Ioniis
795 1324 1054 1408 sylvam
1101 1345 1248 1408 quae
1295 1323 1542 1389 dicitur
1627 1329 1663 1360 “
1693 1324 1917 1389 North
1965 1323 2219 1411 Haga,'’
2300 1321 2658 1410 ¹quamdiu
2709 1300 2953 1402 ¹⁰32&

553 1426 826 1503 viveret,
871 1448 991 1512 pro
1033 1425 1283 1512 viginti
1348 1426 1643 1512 quinque
1688 1426 1935 1507 solidis,
1982 1433 2051 1492 et
2097 1427 2355 1492 duobus
2423 1429 2657 1515 accipi·
2680 1430 2859 1481 Abbot

535 1516 790 1609 tribus,
819 1529 1171 1594 annuatim
1217 1528 1432 1594 eidem
1477 1528 1866 1610 reddendis-³3
1912 1551 1989 1595 eo
2034 1535 2262 1595 tamen
2306 1535 2548 1610 tenore,
2579 1535 2659 1596 ut
2681 1498 2809 1628 ἔξω
2835 1498 2953 1614 ᾱῗξε

553 1630 626 1694 in
682 1630 816 1696 fine
861 1630 1022 1697 vitae
1069 1653 1205 1697 suae
1253 1631 1424 1697 nulli
1465 1633 1691 1711 amico,
1737 1632 1844 1697 vel
1884 1633 2087 1697 etiam
2134 1632 2401 1714 haeredi,
2449 1633 2658 1720 ipsam
2681 1632 2766 1710 ghe
2785 1645 2811 1680 0
2850 1630 2991 1691 arch,

550 1733 809 1819 sylvam
853 1734 1233 1800 concederet
1259 1759 1273 1814 ;
1317 1734 1447 1812 sed,
1482 1757 1566 1800 ex
1610 1735 2062 1811 conventione,
2092 1734 2400 1800 Ecclesiae
2432 1735 2659 1801 Sancti
2680 1700 2957 1816 {Riglgtion

554 1835 799 1901 Albani
843 1836 1120 1902 liberam
1187 1836 1510 1916 redderet,
1557 1841 1629 1901 et
1688 1838 1998 1922 quietam.
2097 1836 2198 1901 Ut
2243 1843 2465 1902 autem
2512 1860 2656 1902 eam
2682 1833 2744 1881 of
2770 1832 2854 1882 ²¹¹0

551 1959 671 2025 pro
715 1939 838 2005 hac
881 1940 1092 2004 forma
1134 1940 1310 2004 idem
1340 1940 1575 2004 Petrus
1621 1938 1862 2005 habere
1907 1944 2141 2026 posset,
2172 1939 2356 2004 dedit
2391 1947 2656 2007 centum
2680 1897 2963 2016 ἔὲξὲιὴέῖξ

553 2041 791 2108 solidos
835 2043 910 2107 in
952 2064 1282 2130 gersoma:
1332 2042 1506 2129 quod
1550 2041 1800 2124 factum
1835 2048 1938 2108 est
1980 2042 2055 2106 in
2097 2064 2414 2130 magnum
2459 2043 2655 2129 hujus

553 2142 838 2210 ecclesiae
867 2144 1329 2231 praejudicium
1374 2149 1443 2210 et
1478 2143 1831 2229 jacturam.
1923 2144 2076 2231 Ipse
2121 2166 2381 2232 quoque
2413 2145 2655 2211 Paulus

555 2247 951 2312 calumniam
1026 2269 1225 2334 quam
1299 2246 1591 2313 habebat
1666 2269 1863 2334 super
1934 2247 2168 2311 villam
2245 2248 2326 2315 de
2405 2248 2656 2329 Oswik,

556 2372 812 2417 necnon
885 2372 1145 2416 omnem
1220 2349 1618 2416 calumniam
1710 2372 1912 2435 quam
1986 2350 2275 2416 habebat
2348 2351 2658 2417 adversus

556 2451 877 2519 Sanctum
919 2453 1280 2531 Albanum,
1329 2458 1396 2518 et
1441 2475 1592 2519 suos
1638 2451 1958 2531 homines,
2007 2453 2277 2518 omnino
2322 2454 2590 2521 dimisit.

647 2555 780 2621 Sed
846 2561 914 2621 et
981 2562 1228 2643 postea,
1290 2556 1433 2643 ipso
1476 2555 1748 2621 Abbate
1794 2554 2019 2634 Paulo,
2083 2560 2153 2622 et
2218 2555 2505 2622 Ricardo
2574 2559 2657 2623 de
2681 2575 2829 2625 Peter
2851 2576 2913 2626 de

557 2658 861 2739 Albenio‚
909 2659 1310 2736 succedente,
1355 2659 1545 2724 venit
1612 2657 1790 2722 idem
1855 2658 2090 2723 Petrus
2132 2658 2206 2722 in
2254 2657 2655 2747 Capitulum,
2680 2642 2924 2693 Valoines

558 2782 706 2826 cum
775 2761 1038 2827 duobus
1081 2761 1238 2826 filiis
1304 2762 1456 2838 suis,
1506 2760 1860 2838 willelmo,
1907 2760 2171 2837 scilicet,
2239 2765 2309 2827 et
2372 2761 2655 2848 Rogero,
2680 2708 2980 2826 2333th

555 2869 626 2928 et
687 2863 761 2927 in
824 2863 1119 2929 omnium
1193 2863 1535 2929 audientia
1595 2864 1994 2951 recognovit,
2060 2863 2236 2949 quod
2309 2865 2653 2951 praefatam
2678 2842 2990 2960 (ᾖξ”ζζξζζω

555 2965 812 3052 sylvam
878 2966 961 3031 de
1004 2965 1229 3031 North
1262 2965 1462 3053 Haga
1524 2987 1942 3051 nequaquam
2018 2966 2091 3030 in
2151 2966 2339 3032 feodo
2384 2969 2606 3034 tenuit
2636 2974 2948 3054 5Northawe

557 3067 1040 3134 affirmantibus
1098 3068 1222 3134 hoc
1267 3068 1424 3133 ffliis
1468 3068 1623 3147 suis,
1684 3072 1754 3133 et
1822 3068 2345 3148 concedentibus,
2391 3069 2465 3134 in
2510 3072 2654 3136 ani-
2677 3058 2731 3093 ¹¹²
2751 3043 2846 3094 Μ·

555 3169 791 3245 mabus
864 3171 1016 3249 saie,
1094 3171 1273 3257 quod
1346 3175 1496 3258 post
1572 3170 1830 3259 obitum
1904 3192 2093 3236 sunm
2183 3194 2318 3238 non
2390 3180 2656 3260 possent

557 3273 584 3311 ²
601 3272 854 3359 aliquid
905 3273 1078 3359 juris
1145 3273 1217 3337 in
1281 3295 1358 3338 ea
1426 3274 1704 3338 clamare
1761 3272 1870 3338 vel
1931 3274 2188 3356 habere,
2235 3274 2365 3340 nisi
2423 3275 2652 3343 Abbas

557 3380 790 3461 sponte
828 3374 962 3439 illis
1007 3376 1357 3440 concedere
1401 3374 1617 3441 vellet.

650 3477 985 3543 Concessit
1027 3477 1230 3543 etiam
1269 3478 1444 3543 idem
1483 3477 1713 3544 Abbas
1752 3474 1996 3544 Paulus
2039 3478 2328 3545 Roberto
2361 3480 2657 3548 Caemen-
2677 3496 2855 3552 Abbot

556 3579 748 3658 tario,
812 3583 882 3644 et
939 3578 1317 3646 haeredibus
1362 3581 1513 3659 suis,
1560 3603 1678 3667 pro
1722 3581 2006 3646 artificio
2051 3603 2168 3647 suo
2213 3586 2282 3647 et
2324 3583 2653 3663 labore,—-
2678 3565 2991 3697 gffiffiss

551 3681 580 3719 ³
599 3682 718 3767 qui
758 3703 894 3768 prae
938 3682 1244 3748 omnibus
1278 3682 1712 3749 caementariis
1755 3705 1873 3749 suo
1919 3688 2214 3771 tempore
2257 3685 2655 3771 pollebat,—-
2679 3699 2871 3751 Robert
2892 3703 2978 3755 the

551 3788 801 3849 terram
860 3785 941 3849 de
1002 3783 1270 3871 syrath,
1324 3791 1391 3850 et
1442 3791 1686 3851 terram
1741 3786 1823 3850 de
1871 3785 2265 3867 Wanthone,
2326 3793 2395 3854 et
2453 3812 2656 3855 unam
2681 3768 2880 3819 Mason.

555 3887 825 3952 domum
887 3889 960 3952 in
1021 3887 1184 3953 villa
1248 3887 1480 3955 Sancti
1541 3887 1809 3966 Albani,
1856 3888 2144 3954 solutam
2212 3894 2280 3955 et
2344 3893 2654 3978 quietam.

553 3989 751 4056 Hanc
811 4012 1049 4078 nempe
1115 4000 1362 4057 terram
1410 3992 1491 4057 de
1539 3989 1783 4056 Sareth
1829 4012 2000 4057 uxor
2042 3992 2408 4061 Derlewini
2469 3997 2655 4083 prius

552 4100 894 4176 tenuerat3
939 4117 1061 4182 pro
1108 4117 1240 4182 qua
1284 4094 1604 4161 reddebat
1648 4117 2041 4182 unoquoque
2086 4119 2261 4164 anno
2306 4101 2654 4187 sexaginta

554 4197 796 4266 solidos
840 4199 1148 4265 Ecclesiae
1209 4198 1441 4266 Sancti
1481 4197 1746 4264 Albani.
1837 4198 2065 4266 Abbas
2124 4206 2349 4267 autem
2409 4202 2653 4269 Paulus

553 4301 845 4368 laborem
896 4302 1187 4388 ejusdem
1248 4300 1526 4367 Roberti
1576 4301 1650 4367 in
1694 4303 1973 4389 pecunia
2021 4309 2233 4389 pacta,
2282 4311 2351 4371 et
2394 4311 2651 4385 taxata,

553 4404 958 4491 persolvisse,
989 4404 1132 4471 sine
1177 4405 1463 4471 ecclesiae
1502 4406 1907 4493 gravamine,
1959 4405 2324 4473 tenebatur.
2426 4408 2650 4489 Porro,

626 4639 642 4670 ¹
666 4640 894 4705 quamdiu
909 4642 1088 4691 viveret
1106 4679 1119 4693 .
1144 4679 1158 4691 .
1183 4681 1197 4693 .
1220 4679 1233 4692 .
1260 4655 1421 4691 eorum
1431 4640 1561 4692 sicut
1715 4644 1738 4673 ²
1758 4640 1897 4692 aliud
1915 4641 1969 4692 in
1986 4643 2173 4694 Wats’s
2194 4650 2317 4696 text.

556 4720 844 4853 galami:
863 4722 941 4787 (p.
965 4721 1072 4787 64),
1118 4721 1331 4775 omitted
1367 4720 1422 4773 in
1443 4719 1558 4775 MS.
1716 4721 1739 4753 ³
1762 4719 1935 4787 quibus
1955 4718 2012 4774 in
2032 4720 2145 4775 MS.
2168 4724 2305 4777 Nero
2327 4722 2393 4778 D.
2418 4724 2451 4778 i.

595 4814 658 4862 pe
793 4837 806 4850 .
