3450 5717
1118 807 1543 865 MONASTERH
1586 808 1833 865 emen
1876 810 2150 867 ALBANI.
2546 804 2677 873 465

582 1196 684 1266 De
727 1197 990 1266 Statuto
1034 1199 1218 1286 reyio
1285 1200 1363 1267 de
1404 1198 1634 1288 feodis
1676 1198 2128 1272 dominorum
2170 1225 2319 1271 ‘non
2362 1203 2672 1292 inqredi-
2760 1224 2946 1291 anger,

757 1300 1040 1384 entium,
1087 1310 1147 1370 et
1192 1302 1274 1371 de
1317 1304 1520 1371 terris
1558 1326 1675 1370 sea
1719 1306 2114 1372 tenementis
2151 1330 2281 1395 per
2324 1308 2672 1395 reliyiosos
2759 1293 2952 1424 23²3&ss

754 1403 1064 1494 deinceps
1114 1428 1261 1474 ‘non
1310 1405 1767 1494 adquirendis
1811 1430 1924 1475 seu
1986 1410 2504 1481 amortizandis.
2732 1425 2960 1544 ηὲὀυόο

2790 1583 2923 1599 ᾖ

649 1583 727 1617 ¹·“
767 1583 917 1641 Cum
952 1586 1174 1643 dudum
1209 1586 1510 1660 provisum
1559 1586 1789 1654 fuisset,
1831 1586 1989 1661 quod
2021 1587 2138 1644 viri
2186 1586 2455 1661 religiosi
2502 1589 2673 1647 feoda
2694 1623 2804 1676 The
2824 1626 2962 1678 ΕΜ

582 1670 621 1698 “
658 1668 988 1742 aliquorum
1047 1689 1164 1727 non
1233 1670 1687 1744 ingrederentur
1741 1673 1867 1729 sine
1931 1672 2170 1729 licentia
2246 1678 2306 1729 et
2370 1674 2670 1731 voluntate
2695 1690 2888 1744 statute
2913 1695 2971 1745 of

579 1753 618 1780 “
657 1754 1002 1826 capitalium⁴
1029 1755 1414 1823 dominorum,
1470 1756 1542 1813 de
1592 1757 1805 1829 quibus
1842 1757 2013 1815 feoda
2059 1757 2167 1813 illa
2215 1757 2552 1815 immediate
2587 1764 2671 1814 te-
2694 1758 2982 1824 Mortmain,

578 1839 617 1865 ‘⁶
653 1833 902 1907 neutur;⁸
947 1846 1008 1896 et
1038 1840 1155 1896 viri
1188 1840 1457 1911 religiosi
1492 1840 1864 1913 postmodum
1894 1840 2273 1898 nihilominus
2320 1847 2442 1898 tam
2502 1843 2672 1899 feoda
2691 1826 2959 1944 gfff-{³⁶12

578 1922 617 1948 “
655 1939 764 1977 sua
795 1925 1049 1995 propria,
1091 1942 1267 1996 quam
1308 1924 1576 1989 aliorum,
1615 1924 1898 1981 hacteuus
1951 1926 2209 1997 ingressi
2266 1932 2421 1994 sunt,
2467 1943 2539 1983 ea
2571 1945 2671 2000 ap·
2804 1911 2893 1943 ‘¹⁹²⁸
2959 1911 3008 1944 ε’

578 2009 618 2035 “
655 2008 1006 2081 propriando
1042 2018 1103 2065 et
1137 2010 1397 2075 emendo,
1432 2016 1492 2066 et
1526 2010 1839 2084 aliquando
1875 2029 1947 2067 ex
1980 2011 2131 2068 dono
2165 2013 2416 2069 aliorum
2462 2014 2674 2087 recipi-‘
2695 2029 2722 2078 7
2739 2028 2958 2079 Edward
2969 2029 3010 2083 1,

575 2093 616 2119 ‘¹
656 2092 838 2160 endo;
876 2112 983 2166 per
1019 2094 1171 2167 quod
1206 2095 1464 2160 servitia,
1496 2113 1624 2169 quoe
1661 2113 1733 2152 ex
1765 2095 2102 2169 hujusmodi
2138 2096 2323 2153 feodis
2361 2097 2664 2165 debentur,
2693 2094 2858 2155 (ΑΙ)-

577 2177 615 2204 “
655 2182 716 2233 et
765 2196 895 2250 quae
950 2178 1025 2234 ad
1073 2177 1467 2234 defensionem
1519 2180 1692 2252 regni
1752 2181 1825 2236 ab
1883 2180 2053 2238 initio
2108 2181 2345 2253 provisa
2410 2183 2665 2250 fuerunt,
2696 2162 2867 2227 ¹²⁷⁹·)

577 2264 617 2291 ‘⁶
654 2262 911 2319 indebite
960 2263 1400 2330 subtrahuntur,
1463 2270 1525 2320 et
1584 2264 1805 2321 domini
1869 2264 2152 2337 capitales
2213 2271 2472 2323 escaetas
2534 2286 2670 2324 suas

577 2348 618 2377 ‘⁴
654 2346 790 2403 inde
814 2347 1125 2415 amittunt3
1153 2347 1297 2413 Rex,
1325 2365 1500 2420 super
1527 2348 1637 2405 hoc
1661 2346 1820 2429 ²[pro
1845 2349 2104 2406 utilitate
2126 2349 2325 2423 regni]
2347 2368 2673 2425 congrum

579 2433 618 2459 “
654 2432 981 2491 remedium
1015 2432 1324 2505 providere
1369 2433 1593 2498 volens,
1637 2432 1710 2490 de
1747 2434 1994 2491 consilio
2031 2434 2440 2501 Praelatorum,
2482 2436 2676 2493 Comi-

573 2519 611 2545 “
647 2523 794 2582 tum,
837 2521 898 2572 et
932 2516 1181 2573 aliorum
1222 2517 1484 2575 fidelium
1535 2518 1726 2590 regni,
1781 2517 1854 2573 de
1904 2517 2166 2574 Consilio
2218 2518 2457 2578 Domini
2491 2519 2675 2592 Regis

575 2603 614 2629 ‘⁸
654 2601 1043 2666 existentium,
1082 2601 1360 2674 providit,
1410 2601 1718 2668 ordinavit,
1762 2610 1824 2657 et
1877 2602 2103 2669 statuit,
2146 2602 2300 2674 quod
2348 2603 2547 2660 nullus
2582 2623 2675 2660 re·

575 2687 613 2714 “
651 2686 920 2757 ligimus,
983 2690 1087 2742 aut
1134 2685 1287 2745 alius
1330 2687 1679 2758 quicunque,
1718 2690 1909 2743 terras
1963 2692 2065 2742 aut
2114 2690 2446 2744 tenementa
2480 2688 2678 2761 aliqua

575 2772 615 2800 “
653 2787 846 2829 emere
880 2770 978 2827 vel
1016 2769 1286 2835 vendere,
1350 2770 1447 2831 vel
1484 2771 1591 2828 sub
1628 2771 1822 2827 colore
1866 2770 2214 2837 donationis,
2260 2777 2367 2829 aut
2412 2772 2672 2839 termini,

576 2857 613 2886 ‘⁴
652 2860 754 2912 aut
788 2855 1032 2911 alterius
1065 2854 1227 2911 tituli
1263 2854 1681 2928 cujuscunque,
1723 2855 1797 2911 ab
1833 2854 2032 2926 aliquo
2084 2855 2366 2927 recipere,
2408 2859 2512 2912 aut
2560 2857 2676 2912 alio

575 2943 613 2968 “
653 2941 860 3012 quovis
881 2938 1071 3007 mode,
1097 2943 1242 3005 arte,
1268 2939 1365 2995 vel
1388 2939 1643 3013 ingenie,
1662 2939 1778 2995 sibi
1801 2939 2177 3012 appropriare
2202 2945 2532 3011 praesumat„
2562 2942 2672 2997 sub

575 3026 614 3053 “
651 3024 1024 3081 forisfactura
1064 3022 1396 3090 eorundem,
1442 3041 1549 3097 per
1590 3023 1743 3097 quod
1778 3023 1853 3081 ad
1889 3016 2125 3079 manum
2158 3031 2452 3080 mortuam
2496 3031 2671 3082 terrae

576 3111 616 3137 ‘⁸
653 3114 714 3165 et
766 3113 1102 3166 tenemento·
1156 3106 1181 3141 ⁸
1196 3107 1378 3180 hujus
1444 3107 1757 3164 deveniant
1819 3125 2052 3180 quoquo
2113 3106 2304 3164 modo,
2402 3108 2673 3167 Providit

576 3195 615 3222 ‘⁸
654 3193 831 3250 etiam
871 3193 1157 3253 Dominus
1194 3190 1341 3257 Rex,
1382 3190 1540 3264 quod
1581 3193 1633 3248 si
1685 3191 1901 3264 aliquis
1952 3191 2291 3263 religiosus,
2345 3182 2448 3249 aut
2494 3193 2668 3260 alius,

574 3280 614 3307 “
651 3286 852 3334 contra
903 3293 1160 3351 praesens
1215 3275 1513 3334 Statutum
1568 3275 1767 3348 aliquo
1819 3274 2011 3340 modo,
2067 3280 2212 3340 arte,
2269 3275 2367 3331 vel
2409 3276 2667 3349 ingenio,

574 3364 613 3391 ‘⁴
648 3361 849 3420 venire
906 3361 1366 3434 praesumpserit,
1409 3359 1587 3416 liceat
1627 3359 1879 3419 Domino
1914 3359 2087 3432 Regi,
2129 3364 2190 3416 et
2229 3358 2363 3415 aliis
2405 3360 2671 3416 immedi-

575 3449 613 3475 “
652 3452 745 3503 ate
783 3447 1131 3521 capitalibus
1168 3443 1191 3477 ²
1214 3442 1516 3517 [dominis]
1566 3443 1723 3500 feodi
1769 3444 1970 3500 taliter
2019 3443 2275 3509 alienati,
2325 3443 2475 3500 illud
2514 3445 2671 3501 infra

572 3533 612 3562 ‘⁸
649 3548 864 3588 annum
900 3548 935 3586 a
967 3537 1227 3603 tempore
1281 3528 1643 3585 alienationis
1702 3524 1914 3600 ²'hujus
1956 3531 2156 3583 tenere
2224 3532 2286 3584 et
2338 3528 2570 3599 ingredi
2604 3530 2670 3585 in

575 3618 614 3645 ‘⁸
653 3614 819 3672 feodo
853 3620 918 3673 et
965 3614 988 3649 ⁴
1010 3613 1375 3671 haereditate.
1463 3612 1544 3669 Et
1578 3612 1631 3669 si
1680 3611 1949 3669 dominus
1979 3611 2247 3685 capitalis
2293 3611 2668 3670 immediatus

574 3703 613 3730 ‘⁶
649 3701 959 3772 negligens
1005 3700 1203 3764 fuerit,
1257 3703 1319 3755 et
1375 3696 1612 3753 feodum
1684 3695 1838 3752 illud
1906 3696 2141 3767 ingredi
2199 3695 2461 3752 noluerit
2512 3697 2669 3753 infra

573 3787 612 3814 ‘⁸
650 3802 881 3851 annum,
910 3789 1049 3842 tunc
1072 3784 1249 3840 liceat
1280 3783 1543 3855 proximo
1585 3780 1825 3854 capitali
1864 3779 2101 3838 dominc
2139 3779 2477 3837 immediate
2510 3780 2668 3836 feodi

575 3873 614 3899 ‘⁴
649 3870 832 3936 illius,
873 3869 1029 3925 infra
1083 3867 1393 3928 dimidium
1428 3884 1643 3923 aunum
1684 3871 2046 3939 sequentem,
2114 3864 2351 3921 feodum
2392 3864 2542 3921 illud
2580 3866 2667 3920 in-

574 3958 613 3984 “
651 3954 820 4027 gredi
885 3958 945 4009 et
1007 3958 1225 4019 tenere,
1290 3952 1443 4008 sicut
1496 3950 1845 4024 praedictum
1907 3955 2032 4017 est;
2098 3956 2158 4006 et
2228 3954 2249 3987 ⁸
2266 3950 2352 4007 sic
2419 3949 2668 4022 quilibet

572 4042 614 4070 “
652 4038 919 4095 dominus
954 4036 1245 4094 mediatus
1290 4036 1313 4071 ²
1333 4033 1584 4108 [faciat],
1631 4036 1686 4092 si
1720 4034 2102 4107 propinquior
2144 4034 2411 4091 dominus
2448 4034 2511 4088 in
2548 4033 2569 4066 ⁶
2582 4035 2668 4089 in-

569 4126 614 4155 ¹‘
651 4120 971 4196 grediendo
1005 4120 1344 4193 hujusmodi
1381 4119 1618 4178 feodum
1655 4119 1969 4193 negligens
2004 4119 2204 4186 fuerit,
2250 4119 2405 4176 sicut
2425 4116 2670 4190 proedic·

634 4412 774 4466 ²See
822 4410 1043 4461 Statum
1079 4408 1146 4473 qs
1177 4405 1256 4458 11oe
1300 4403 1489 4468 Realm,
1532 4404 1568 4458 i.
1733 4404 1757 4438 ⁴
1777 4402 2002 4455 heredate
2022 4404 2075 4454 in
2095 4402 2208 4457 MS,

566 4510 617 4561 p.
643 4498 722 4545 51.
1734 4483 1756 4517 ⁸
1795 4485 1842 4534 εἰ
1883 4483 1940 4534 in
1982 4483 2097 4535 MS.
2133 4503 2147 4537 ε
2240 4485 2497 4536 corrected
2538 4487 2668 4537 stom

634 4572 657 4607 ²
680 4571 901 4626 Omitted
921 4569 976 4620 in
998 4568 1146 4632 Πᾶς
1193 4567 1419 4634 supplied
1437 4565 1570 4618 stom
1673 4563 1803 4614 Stat.
1826 4561 2018 4614 Realm.

574 4653 704 4706 Stat.
722 4650 910 4702 Realm.
1736 4641 1757 4674 ⁶
1782 4640 2137 4708 inyrediendum
2157 4640 2209 4692 in
2232 4641 2371 4696 Ma:
2414 4647 2668 4697 corrected

639 4731 662 4769 ⁸
682 4728 971 4805 hujumodi,
997 4727 1128 4785 Stat.
1150 4724 1338 4783 Realm.
1669 4722 1802 4779 from
1827 4720 1957 4775 Stat.
1984 4720 2170 4777 Reum.

2260 4819 2400 4870 GG

2691 1961 2725 1987 “
2746 1958 2978 2026 liqiost‘s,”
3008 2010 3015 2017 ,
