3450 5717
854 814 983 878 362
1601 828 1821 879 GESTA
1864 828 2187 882 ABBATUM

546 1016 794 1135 ³⁰{¹{¹„{1''
853 1040 1051 1102 quam
1098 1019 1179 1084 de
1223 1021 1528 1085 omnibus
1573 1022 1720 1086 aliis
1766 1044 1913 1108 quae
1953 1022 2040 1087 ad
2086 1043 2389 1087 coronam
2435 1021 2710 1087 Domini
2753 1020 2953 1108 Regis

579 1116 768 1212 Athot,
852 1122 1199 1207 pertinent.
1278 1123 1389 1188 Ita
1432 1125 1650 1203 etiam,
1682 1125 1838 1212 quia
1882 1124 2208 1193 Dominus
2255 1126 2420 1205 Reiz,
2451 1125 2568 1213 qui
2613 1147 2788 1191 nunc
2832 1129 2951 1201 est,

552 1220 776 1337 12ζὲᾖο
853 1226 913 1289 ei
942 1225 1270 1305 liberavit,
1307 1248 1425 1312 per
1459 1250 1728 1293 manum
1759 1250 1946 1293 suam
1982 1229 2326 1317 propriam,
2365 1234 2663 1294 extracta
2702 1228 2783 1293 de
2813 1251 2950 1293 om-

603 1380 738 1395 —..
779 1325 791 1338 ’
849 1327 1048 1394 nibus
1088 1330 1396 1415 proficuis
1441 1353 1589 1417 quae
1633 1331 2107 1417 proveniebant
2147 1332 2320 1397 infra
2364 1333 2640 1397 eandem
2681 1331 2954 1397 liberta-

844 1437 983 1496 tem
1028 1431 1111 1498 de
1141 1431 1393 1498 Itinere
1428 1433 1763 1519 H[enrioi]
1812 1434 1894 1499 de
1925 1434 2271 1512 Bathonia,
2318 1439 2388 1501 et
2419 1436 2743 1501 sociorum
2787 1433 2843 1521 ej
2852 1456 2943 1511 ηε,

845 1534 893 1599 J
894 1536 1376 1603 usticiariorum
1422 1537 1883 1603 itinerantium
1930 1539 1997 1603 in
2048 1538 2388 1604 Comitatu
2411 1538 2834 1612 Hertfordiae‚
2878 1541 2947 1603 et

844 1638 1121 1704 eundem
1189 1641 1482 1718 rotulum
1548 1628 2202 1707 amerciamentorum
2273 1664 2391 1729 per
2458 1663 2654 1728 quem
2724 1662 2949 1706 omnes

840 1742 1175 1807 amerciati
1214 1750 1388 1824 sunt,
1418 1744 1534 1830 qui
1574 1750 1846 1811 manent
1898 1746 1973 1810 in
2016 1745 2246 1811 eadem
2288 1745 2615 1825 libertate,
2663 1742 2946 1831 ¹princi-

842 1845 978 1931 pali
1050 1845 1098 1910 J
1104 1846 1438 1913 usticiario
1511 1848 1731 1915 rotulo
1813 1849 2489 1917 amerciamentorum.
2606 1847 2697 1911 Et
2778 1846 2946 1911 dicit

842 1948 1019 2033 quod
1050 1948 1318 2034 quidam
1362 1951 1660 2019 homines
1705 1952 2008 2039 praedicti
2037 1949 2948 2039 Abbatisjwestmonasterii,

842 2050 923 2115 de
974 2052 1268 2118 manerio
1319 2074 1438 2118 suo
1489 2054 1572 2120 de
1618 2054 2033 2135 Audenham‚
2090 2053 2268 2141 quod
2309 2058 2410 2120 est
2454 2053 2625 2118 infra
2673 2052 2946 2139 praedic-

841 2159 981 2221 tam
1028 2154 1421 2238 libertatem,
1471 2157 1812 2223 amerciati
1871 2157 2142 2223 fuerunt
2193 2157 2266 2222 in
2313 2156 2628 2243 praedicto
2691 2155 2944 2221 Itinere

839 2257 925 2322 ad
971 2258 1332 2325 valentiam
1385 2260 1673 2347 quinque
1701 2282 2087 2340 marcarum,
2131 2282 2248 2326 sex
2275 2258 2650 2341 solidorum,
2701 2264 2770 2325 et
2799 2264 2947 2325 octo

839 2362 1277 2429 denariorum.
1353 2363 1716 2431 Praedictus
1754 2363 1985 2435 Abbas
2023 2364 2103 2430 de
2158 2363 2402 2430 Sancto
2449 2363 2714 2431 Albano
2759 2362 2787 2398 ²
2810 2362 2941 2427 dis-

838 2465 1084 2531 trinxit
1129 2466 1345 2552 ipsum
1394 2466 1729 2533 Abbatem
1780 2472 1851 2532 et
1878 2466 2176 2533 homines
2224 2488 2374 2533 suos
2422 2466 2506 2532 de
2571 2465 2946 2533 AJdenham

840 2591 957 2656 per
1007 2570 1325 2657 praedicta
1370 2569 1599 2641 averia
1643 2592 1763 2658 pro
1815 2570 2142 2657 praedictis
2192 2571 2448 2637 catallis
2507 2574 2578 2636 et
2630 2570 2944 2639 amercia-

843 2676 1101 2739 mentis.

504 2797 821 2863 Replication
935 2775 1026 2845 Et
1073 2776 1302 2843 Abbas
1347 2775 1913 2847 westmonasterii
1960 2776 2143 2856 dicit,
2187 2776 2367 2864 quod
2405 2775 2731 2845 Dominus
2780 2774 2944 2857 Reiz,

505 2882 573 2981 ἓξ
592 2867 770 2982 ζξὸῑῗ
844 2879 961 2966 qui
1021 2900 1199 2945 nunc
1256 2883 1374 2959 est,
1431 2878 1631 2946 talem
1694 2880 1754 2946 ei
1815 2880 2132 2949 concessit
2213 2880 2588 2947 libertatem
2663 2880 2745 2945 de
2803 2902 2944 2946 om-

502 2999 676 3049 Abbot
696 3000 756 3051 of
838 2981 1037 3049 nibus
1095 2983 1291 3049 terris
1374 2986 1444 3048 et
1519 2985 1916 3049 tenementis
1993 2977 2129 3050 suis
2209 3006 2325 3071 per
2382 2982 2677 3051 chartam
2734 3005 2943 3065 suam,

501 3065 720 3187 giffar.
838 3085 1016 3173 quod
1059 3084 1304 3152 habeat
1347 3087 1861 3153 amerciamenta
1900 3086 1982 3153 de
2029 3086 2409 3157 hominibus
2460 3088 2596 3154 suis
2641 3088 2944 3174 propriiS,

836 3194 906 3256 et
965 3189 1186 3259 omnia
1243 3189 1482 3259 catalla
1538 3190 1979 3278 fugitivorum
2038 3197 2108 3258 et
2177 3190 2638 3259 damnatorum
2676 3216 2693 3272 ;
2766 3191 2944 3261 unde

835 3292 1000 3358 dicit
1056 3293 1237 3379 quod
1296 3293 1653 3379 praedictus
1712 3294 1945 3363 Abbas
2015 3294 2261 3380 injuste
2318 3293 2669 3361 distrinxit
2725 3293 2944 3381 ipsum

834 3418 953 3483 pro
998 3396 1332 3483 praedictis
1376 3397 1634 3463 catallis
1677 3402 1749 3464 et
1797 3396 2357 3479 amerciamentis;
2413 3401 2485 3463 et
2527 3396 2702 3484 petit
2757 3394 2943 3482 judi-

835 3523 1030 3569 cmm.

498 3632 720 3687 Answer
740 3651 811 3687 on
926 3605 1019 3671 Et
1079 3604 1307 3677 Abbas
1369 3605 1451 3673 de
1505 3604 1751 3673 Sancto
1811 3605 2075 3673 Albano
2121 3627 2238 3692 per
2283 3609 2696 3675 attornatum
2757 3604 2940 3685 dicit,

498 3701 669 3752 behalf
695 3702 758 3753 ⁰?
838 3707 1014 3794 quod
1101 3710 1423 3796 praediota
1480 3709 1712 3777 charta
1771 3708 2072 3796 praedicti
2149 3709 2433 3779 Abbatis
2493 3708 2942 3775 westmonas-

498 3767 780 3888 gese-„hbet
836 3812 990 3877 terii
1032 3833 1166 3879 non
1231 3813 1431 3881 debet
1490 3813 1555 3881 ei
1626 3834 1898 3885 noceret
1964 3813 2121 3900 quia
2195 3813 2357 3879 dicit
2429 3812 2608 3899 quod
2651 3812 2810 3899 ipse,
2871 3817 2943 3879 et

496 3901 712 4022 &33⁸
836 3938 1058 3985 omnes
1103 3917 1600 4002 praedecessores
1640 3916 1766 3997 sui,
1820 3918 1924 3983 usi
1957 3921 2116 3987 sunt
2145 3916 2475 4004 praedictis
2517 3915 2941 3983 libertatibus

689 4007 702 4022 ⁶
831 4020 968 4086 suis
1027 4042 1068 4084 a
1127 4018 1532 4107 Conquaeetu
1588 4020 1876 4108 Angliae,
1926 4026 2000 4089 et
2049 4043 2094 4087 a
2135 4025 2432 4108 tempore
2479 4018 2564 4086 de
2619 4039 2750 4105 quo
2797 4041 2940 4085 non

831 4128 1026 4191 extat
1099 4124 1431 4195 memoria,
1564 4123 1657 4191 Et
1718 4124 1887 4193 dicit
1952 4123 2130 4211 quod
2189 4146 2328 4191 non
2387 4124 2538 4195 vult
2595 4126 2940 4195 libertates

829 4250 997 4310 suas,
1054 4227 1300 4314 quibus
1345 4227 1503 4315 ipse,
1533 4233 1607 4293 st
1643 4249 1873 4299 omnes
1921 4228 2423 4316 praedecessores
2475 4229 2598 4308 sui,
2627 4227 2734 4299 usi
2774 4232 2940 4295 sunt

827 4354 868 4396 a
926 4335 1067 4399 tam
1142 4330 1510 4419 longinquo
1576 4334 1885 4419 tempore,
1959 4353 2200 4419 ponere
2271 4332 2358 4401 ad
2423 4330 2750 4418 judicium
2821 4352 2941 4417 per

827 4432 1121 4503 chartam
1173 4439 1317 4503 tam
1361 4437 1688 4503 recentem
1733 4433 1996 4521 qualem
2035 4434 2392 4522 praedictus
2440 4434 2674 4505 Abba
2719 4434 2943 4501 west·

825 4537 1208 4604 monasterii
1288 4537 1558 4626 profert,
1632 4537 1767 4607 nisi
1849 4536 2055 4605 Curia
2121 4538 2658 4607 consideraverit.
2778 4537 2944 4607 Dies

911 4838 923 4869 ¹
952 4836 1035 4891 Sic
1056 4835 1113 4889 in
1133 4836 1284 4893 Mss.
1892 4840 1903 4909 ι
1997 4839 2018 4873 2
2039 4838 2258 4893 amma
2279 4840 2334 4895 in
2354 4839 2466 4896 ΜΒ.
2491 4839 2807 4897 elusium.
2829 4838 2899 4897 iv.
