3450 5717
1073 841 1498 894 MONASTERII
1544 841 1789 893 SANCTI
1837 841 2110 892 ALBANI.
2521 834 2652 895 255

628 1089 732 1156 De
774 1085 1266 1172 rcdaryutione
1304 1085 1637 1172 proedicti
1681 1086 1985 1167 Abbatis,
2033 1109 2243 1175 super
2291 1087 2569 1157 laesione
2715 1114 2956 1178 william,

713 1189 978 1258 Chartoe
1023 1189 1104 1256 de
1148 1188 1513 1257 Monachis
1560 1211 1707 1257 ηοπ
1756 1190 2155 1258 amovendis
2208 1193 2521 1280 confecta.
2737 1184 2928 1305 ffgffl,

632 1344 716 1408 In
762 1342 1047 1408 crastino
1099 1364 1275 1422 ver0,
1328 1364 1476 1407 cum
1529 1342 1824 1408 venisset
1853 1342 2083 1409 Abbas
2113 1344 2186 1410 in
2250 1344 2658 1433 Capitulum,
2721 1314 2962 1434 1525&

539 1446 936 1533 redargutus
1012 1450 1113 1510 est
1195 1445 1507 1532 graviter,
1589 1450 1659 1510 et
1739 1446 2176 1532 reprehensus
2259 1454 2656 1528 constanter,
2684 1474 2989 1565 'rhfflbot

544 1570 743 1635 super
837 1547 1220 1614 memoratis
1292 1546 1680 1625 excessibus,
1744 1551 1815 1614 et
1879 1549 2146 1614 laesione
2221 1550 2468 1617 chartae
2543 1573 2661 1638 per
2680 1579 2726 1631 is
2748 1583 2993 1633 censured

543 1649 563 1686 ¹
587 1653 940 1738 ipsummet
988 1652 1013 1690 ²
1036 1650 1372 1716 Abbatem
1403 1649 1732 1716 confectae.
1845 1651 1928 1716 In
1955 1649 1983 1691 ⁸
2006 1673 2137 1738 quo
2181 1653 2434 1719 enormi
2465 1653 2657 1731 facto,
2678 1646 2977 1765 {afflig}

542 1755 742 1820 nimis
785 1753 1204 1841 impudenter
1249 1753 1607 1819 verborum
1659 1754 2106 1819 constantiam
2169 1761 2240 1822 et
2278 1755 2437 1821 fidei
2485 1757 2657 1822 inte·
2683 1795 2859 1843 cesses,
2882 1782 2985 1830 and

539 1857 854 1944 gritatem
904 1856 1287 1922 maculavit.
1377 1857 1476 1921 At
1527 1854 1777 1938 Abbas,
1810 1856 2081 1943 obliquo
2111 1857 2296 1924 oculo
2326 1863 2396 1924 et
2426 1858 2660 1925 acerbo
2683 1848 2763 1964 {ff
2771 1848 2971 1964 3ἓᾶοἏ

542 1964 734 2030 corde
777 1963 1131 2049 respiciens
1183 1963 1258 2027 in
1310 1960 1627 2043 Priorem,
1677 1967 1749 2027 et
1793 1967 2042 2050 postea,
2090 1963 2258 2029 iram
2308 1964 2663 2053 palliandO,
2689 1980 2901 2031 Charter
2921 1980 3003 2031 for

541 2086 768 2132 sereno
827 2065 1023 2130 vultu
1055 2054 1306 2129 'totum
1382 2068 1788 2130 conventum
1846 2065 2215 2152 respiciens,
2263 2067 2362 2133 ait
2406 2067 2627 2154 palam
2649 2091 2666 2149 3
2687 2047 2957 2164 migr

545 2174 673 2218 —“
715 2166 982 2233 Fratres
1027 2171 1100 2232 et
1145 2165 1359 2244 amici,
1411 2165 1470 2231 si
1514 2165 1676 2251 quid
1722 2167 2266 2253 transgressionis
2326 2190 2445 2256 per
2482 2170 2666 2236 incu-
2688 2179 2775 2231 the
2795 2130 2993 2232 monffn.

545 2275 584 2306 “
627 2269 794 2336 riam
841 2274 1166 2347 exortum,
1227 2268 1313 2333 ad
1356 2267 1846 2356 beneplacitum
1891 2276 2206 2351 vestrum,
2256 2273 2505 2357 absque
2548 2272 2666 2338 ali-
2689 2289 2770 2339 He
2786 2287 2958 2339 makes

543 2378 580 2410 “
625 2372 811 2457 cujus
854 2371 1307 2437 contentionis
1351 2370 1674 2457 scrupu10,
1721 2371 1810 2436 ad
1861 2373 2132 2459 plenum
2182 2374 2664 2452 emendabitur,
2689 2354 2957 2473 {nqaeetffte

548 2478 585 2511 “
631 2475 753 2540 hoc
811 2473 982 2539 velit
1041 2473 1280 2539 Deus.’‘
1388 2473 1774 2540 Alexander
1837 2478 2063 2540 autem
2146 2475 2228 2540 de
2299 2476 2667 2564 Langeleia,

545 2581 708 2643 tunc
766 2598 1040 2664 surgens
1099 2575 1128 2615 ⁴
1147 2575 1230 2642 de
1275 2576 1512 2656 medic,
1567 2576 1667 2641 ait
1701 2576 1777 2640 in
1822 2577 2174 2664 propatulo
2204 2585 2350 2659 ;—“
2396 2579 2669 2667 Optime

544 2686 584 2715 “
629 2679 865 2757 dicitis,
912 2678 1216 2759 Domine,
1280 2679 1489 2744 vestri
1536 2677 1771 2765 gratia.
1895 2678 2098 2745 Porro
2130 2701 2358 2747 omnes
2402 2703 2668 2768 genera-

542 2788 583 2818 “
626 2780 782 2846 liter
846 2781 1257 2868 appellamus
1331 2803 1452 2868 pro
1531 2780 1840 2847 libertate
1921 2788 2304 2860 conventus,
2358 2805 2507 2869 quse
2592 2784 2667 2848 in

541 2888 582 2920 “
625 2886 855 2949 tenore
913 2883 1176 2962 chartae,
1238 2904 1453 2969 nuper
1500 2883 1834 2962 confectae,
1896 2887 1966 2949 et
2025 2905 2144 2971 per
2190 2907 2312 2951 nos
2355 2886 2666 2972 primitus
2690 2916 2813 2968 And
2832 2918 2972 2984 gives

545 2990 588 3022 “
633 2985 1029 3072 praelocutae,
1079 2985 1361 3072 scriptae,
1409 2989 1478 3051 et
1532 2986 1958 3066 confirmatae,
2023 2987 2457 3054 continetur.”
2566 2988 2660 3055 Et
2690 2992 2868 3050 ⁸²¹·0118

543 3088 922 3167 Abbas,-“
953 3088 1128 3168 Quid
1163 3094 1263 3153 est
1290 3088 1434 3167 hoc,
1466 3088 1755 3153 Domine
1785 3087 2171 3155 Alexander
2195 3094 2220 3155 τ
2263 3089 2660 3179 Ambigisne
2689 3067 3003 3169 {ffissssssffl

548 3194 589 3226 “
630 3193 714 3255 ut
764 3190 1020 3277 ipsam?
1109 3190 1353 3256 Nonne
1413 3190 1500 3255 ad
1560 3190 1750 3255 illam
1810 3191 2289 3257 conficiendam
2334 3193 2662 3280 principa-
2689 3187 2905 3302 (ἓξὲξ
2917 3185 3001 3235 ‘¹¹0

545 3297 587 3328 “
631 3292 762 3358 lius
823 3314 1066 3373 curam,
1131 3292 1353 3371 immo,
1414 3315 1743 3359 summam
1828 3294 2266 3379 diligentiam,
2335 3295 2667 3360 adhibuss
2905 3289 2918 3302 ’

541 3402 580 3431 “
623 3395 822 3461 Absit
866 3400 948 3461 ut
993 3395 1301 3461 mihimet
1340 3395 1649 3461 inveniar
1690 3394 2076 3462 contrarius.
2171 3395 2339 3462 Sede
2386 3418 2665 3463 securus.

542 3504 582 3534 ‘⁸
630 3496 788 3563 Non
846 3501 1112 3584 oportet
1158 3497 1496 3564 ullatenus
1543 3519 1741 3584 super
1791 3498 1915 3563 hoc
1964 3497 2354 3584 appellare.''
2443 3498 2536 3565 Et
2576 3499 2669 3564 sic

547 3600 840 3666 solutum
900 3604 1003 3665 est
1070 3600 1358 3686 pacifice,
1421 3606 1491 3666 et
1561 3620 1711 3665 cum
1772 3599 1984 3687 specie
2053 3600 2491 3682 correctionis,
2552 3600 2670 3665 illa

552 3703 667 3768 die
727 3701 1129 3790 Capitulum.

635 3804 775 3870 Vix
822 3808 1046 3870 autem
1094 3813 1246 3892 post
1303 3804 1430 3869 hoc
1468 3822 1605 3868 uno
1634 3824 1861 3868 mense
1890 3788 2443 3891 'pet-transeunte,
2477 3824 2619 3870 ecce
2649 3809 2663 3869 Ξ
2691 3812 2789 3875 He,
2805 3810 3002 3877 shortly

548 3907 782 3974 Abbas
835 3907 1060 3973 emisit
1113 3905 1453 3993 quendam
1514 3905 1911 3971 monachum
1955 3905 2155 3992 hujus
2214 3906 2516 3985 ecclesiae,
2565 3907 2668 3971 in·
2689 3879 2925 3996 ffihes
2947 3959 2980 3995 a

545 4012 792 4092 vitum,
837 4009 925 4075 ad
970 4031 1175 4075 unam
1225 4008 1559 4075 Cellarum
1606 4030 1895 4086 suarum,
1945 4007 2105 4075 licet
2165 4008 2663 4096 lacrymantem,
2689 4012 2970 4129 fflnlgftsse

547 4117 621 4179 et
676 4112 1104 4199 lacrymando
1154 4110 1647 4192 reclamantem,
1709 4114 1779 4176 et
1807 4110 2340 4191 misericordiam,
2402 4117 2499 4191 ut,
2545 4134 2664 4178 sci·
2691 4145 2860 4205 Genu
2885 4143 3000 4194 who

545 4215 719 4293 licet,
764 4236 1103 4283 remanere
1152 4216 1363 4303 possit
1420 4214 1618 4294 domi,
1665 4211 1999 4294 flebiliter,
2046 4214 2330 4302 genibus
2374 4214 2568 4280 flexis
2597 4220 2666 4281 et
2690 4210 2964 4331 ῗξῇξξοῑιξ)

539 4317 796 4406 junctis
854 4318 1181 4400 manibus,
1252 4316 1724 4405 postulantem.
1845 4314 2064 4397 Quam
2112 4339 2261 4383 cum
2321 4338 2457 4382 non
2517 4340 2669 4384 con·
2692 4348 2792 4399 and
2814 4342 2947 4397 Con-

549 4426 948 4509 sequeretur,
1004 4420 1301 4509 reposuit
1372 4441 1568 4508 super
1635 4418 1758 4485 hoc
1816 4440 2036 4484 coram
2102 4418 2330 4485 Priore
2390 4424 2460 4486 et
2518 4443 2668 4506 gra.
2692 4420 2826 4467 vent.

625 4635 639 4665 ¹
665 4636 821 4699 ipsum
846 4641 895 4684 et
912 4634 967 4683 in
990 4633 1183 4685 Wats's
1205 4641 1332 4686 text.
1722 4632 1746 4663 ³
1767 4647 1964 4696 quorum
1985 4630 2038 4680 in
2060 4630 2175 4682 MS.
2208 4631 2450 4683 Claudius
2472 4633 2535 4687 E.
2557 4635 2625 4687 iv.
2653 4655 2667 4693 ς

620 4711 643 4744 ²
665 4713 912 4779 Meaning
961 4713 1136 4765 Abbot
1192 4712 1352 4775 John,
1408 4711 1562 4779 lately
1657 4711 1915 4762 corrected
1936 4709 2071 4760 from
2091 4710 2204 4762 MS.
2227 4710 2365 4762 Nero
2389 4713 2452 4766 D.
2478 4712 2513 4764 ἰ.

555 4794 814 4844 deceased.
1725 4790 1748 4821 ⁴
1771 4792 1820 4839 in
1844 4789 1996 4839 medio
2018 4790 2074 4839 in
2097 4788 2211 4842 MS.
2233 4788 2369 4842 Nero
2394 4791 2461 4842 D.
2477 4791 2512 4842 i.
