3450 5717
711 751 839 833 166
1463 766 1676 819 orsu
1719 768 2051 824 numm

426 952 635 1013 Robert,
707 952 973 1020 bertum
1016 959 1255 1041 quarto
1299 955 1494 1023 citari
1556 958 1733 1038 fecit,
1795 981 2101 1027 concessa
2144 962 2210 1028 ei
2272 982 2393 1027 sex
2450 962 2812 1028 hebdoma-

438 1021 633 1148 Ᾱξζξι,
709 1055 945 1123 darum
991 1058 1324 1126 dilatione.
1417 1060 1840 1129 Adveniente
1889 1066 2116 1129 autem
2174 1063 2301 1145 die,
2344 1065 2652 1153 apudque
2697 1064 2815 1130 Le-

413 1153 655 1272 11²2?st
709 1160 925 1249 griam
964 1163 1322 1249 saepedicto
1351 1164 1622 1231 Abbate
1656 1167 1764 1232 sui
1798 1167 2056 1253 copiam
2084 1167 2384 1247 faciente,
2417 1172 2488 1234 et
2519 1167 2814 1235 Roberto

305 1288 313 1296 ·
460 1313 597 1327 -.-
715 1268 797 1335 de
852 1268 1149 1335 Valoniis
1199 1292 1337 1337 non
1387 1277 1768 1359 apparente,
1811 1294 1934 1340 nec
1976 1275 2421 1361 responsalem
2479 1275 2814 1353 mittente,

373 1353 686 1485 ἒιῇζῗῗοῗ
712 1372 822 1437 vel
878 1377 1314 1460 exceptorem,
1375 1375 1549 1441 sicut
1621 1376 1828 1462 prius,
1903 1377 2176 1456 Abbati,
2240 1377 2498 1464 judicio
2576 1376 2811 1453 Curiae,

371 1488 594 1566 pem-ing,
604 1488 691 1540 the
711 1474 970 1560 sylvam
1047 1476 1131 1542 de
1204 1476 1553 1566 Northaga
1623 1478 2057 1565 adjudicavit.
2186 1480 2287 1547 Ac
2361 1481 2618 1559 deinde,
2699 1502 2815 1566 per

371 1555 656 1685 ffiyfflad-
712 1600 969 1643 ramum
1029 1601 1255 1659 unum,
1317 1580 1392 1646 in
1449 1581 1921 1667 possessionem
1981 1583 2212 1665 misit3
2289 1588 2358 1650 et
2414 1584 2630 1671 ipsum
2684 1582 2814 1647 Ro-

366 1686 558 1762 jnged
579 1696 633 1739 to
712 1683 978 1749 bertum
1038 1684 1121 1749 de
1179 1683 1478 1750 Valoniis
1535 1686 1623 1752 ad
1691 1709 2001 1774 magnam
2079 1687 2472 1753 damnorum
2546 1686 2816 1752 restitu-

369 1753 488 1806 hun.
711 1788 980 1868 tionem,
1021 1791 1089 1853 et
1141 1787 1534 1874 injuriarum
1580 1789 1934 1870 illatarum,
1979 1791 2294 1878 temporis
2341 1796 2541 1858 nacta
2580 1812 2814 1879 oppor-

707 1890 1019 1972 tunitate,
1067 1890 1354 1958 viriliter
1397 1892 1632 1981 coegit.

754 2188 989 2258 Causa
1044 2188 1231 2258 inter
1271 2188 1602 2258 Abbatem
1660 2196 1722 2258 et
1773 2190 2103 2258 Comitem
2143 2189 2576 2272 Aomndelioe,
2619 2208 2748 2280 pro

1330 2293 1511 2362 Cella
1546 2291 1627 2361 de
1684 2293 2206 2380 wymundhaan.

369 2478 655 2534 contentos
797 2461 883 2528 In
938 2458 958 2498 ¹
984 2461 1361 2527 narratione
1418 2463 1759 2547 gestorum
1818 2460 2108 2527 Abbatis
2190 2461 2486 2542 Roberti,
2560 2463 2816 2529 utimur

367 2549 561 2666 fflffift
709 2564 939 2630 ordine
998 2563 1371 2646 artificiali3
1442 2563 1518 2629 id
1574 2563 1790 2652 primo
1848 2568 2196 2631 narrantes
2256 2566 2434 2652 quod
2486 2565 2817 2654 posterius

368 2681 492 2759 vyith
513 2682 650 2732 Wil-
707 2672 970 2755 gestum
1031 2672 1150 2749 est,
1223 2667 1581 2734 secundum
1644 2666 2080 2735 eminentiam
2148 2690 2368 2734 rerum
2451 2668 2814 2735 earundem

366 2747 680 2868 ssfflffil·
710 2792 860 2857 quae
908 2771 1345 2859 contigerunt.
1436 2768 1720 2836 Domuit
1770 2769 2172 2837 indomitum
2214 2771 2628 2838 Willelmum
2690 2773 2812 2838 Co-

706 2873 940 2941 mitem
1007 2873 1432 2957 Arundelliae,
1496 2873 1630 2961 qui,
1693 2873 1888 2963 quasi
1930 2873 2372 2961 phreneticus,
2435 2874 2510 2941 in
2569 2874 2814 2942 multos

708 2977 1055 3043 consuevit
1100 2976 1429 3045 desaevire.

369 3107 606 3162 Founda-
801 3079 927 3146 Est
986 3084 1212 3147 autem
1271 3080 1479 3146 Beato
1532 3079 1796 3148 Albano
1858 3079 2044 3148 Cella
2101 3080 2575 3148 monachorum
2636 3081 2815 3170 apud

365 3176 690 3295 ggflg'ffffsse·
711 3183 1226 3272 Wymundham,
1258 3189 1340 3249 ut
1368 3183 1763 3272 praedictum
1807 3189 1947 3266 est3
1993 3207 2195 3272 quam
2239 3184 2554 3252 fundavit
2600 3185 2629 3223 ²
2647 3185 2811 3251 Wil-

361 3260 656 3364 mundhamss
717 3286 953 3354 lelmus
1014 3286 1096 3354 de
1160 3284 1187 3323 ³
1207 3285 1577 3374 AlbaneyO,
1635 3288 1948 3376 pincerna
1997 3286 2198 3375 Regis
2251 3288 2527 3354 Henrici
2587 3286 2814 3371 Primi,

715 3395 904 3480 pater
945 3390 1089 3478 jam
1148 3389 1310 3455 dicti
1372 3389 1652 3457 Comitis
1712 3389 2053 3472 Willelmi,
2113 3390 2189 3454 in
2246 3389 2493 3456 honore
2555 3389 2815 3457 Sanctae

713 3494 941 3562 Mariae
984 3498 1055 3563 et
1090 3491 1322 3560 Sancti
1365 3492 1629 3559 Albani.
1722 3493 2027 3583 Contigit
2081 3490 2306 3580 itaque
2353 3492 2632 3560 Roberti
2674 3493 2816 3560 Ab·

709 3597 891 3663 batis
920 3600 1233 3684 tempore,
1278 3596 1457 3684 quod
1501 3594 1691 3662 Prior
1719 3596 1803 3661 de
1848 3595 2367 3685 Wymundham,
2398 3597 2815 3685 Radulphus,

367 3725 477 3778 The
488 3723 689 3792 qum-rel
713 3700 976 3782 scilicet,
1024 3699 1109 3766 de
1156 3698 1226 3766 N
1227 3720 1394 3779 uers,
1441 3698 1549 3765 vir
1591 3699 1859 3785 quidem
1903 3698 2267 3787 religiosuS,
2328 3701 2446 3766 sed
2502 3699 2578 3764 in
2624 3700 2814 3781 iram,

368 3793 645 3910 priglilnates
714 3824 900 3871 secus
968 3825 1170 3891 quam
1232 3801 1508 3883 deceret,
1557 3822 1868 3891 praecepS,
1914 3801 2274 3889 aliquando
2317 3801 2497 3892 apud
2558 3802 2815 3892 Hapes-

365 3868 593 3978 ἓοῐιειῖοε
616 3923 676 3979 of
714 3906 898 3987 birie,
943 3906 1268 3996 praedium
1311 3905 1654 3994 pertinens
1715 3905 2003 3973 ecclesiae
2047 3905 2130 3972 de
2176 3904 2693 3992 Wymundham,
2738 3914 2817 3974 ut

365 3993 624 4111 ‘39ssOE
715 4034 758 4077 a
799 4012 935 4079 suis
978 4012 1077 4078 ibi
1120 4011 1408 4079 ecclesiae
1454 4032 1590 4078 suae
1634 4010 1963 4077 auxilium
2015 4009 2328 4099 exigeret,
2387 4033 2508 4103 pro
2560 4011 2815 4077 incum-

369 4127 500 4181 Ceu⁴
712 4114 916 4183 bente
988 4115 1216 4204 aliqua
1256 4113 1666 4195 necessitate,
1713 4112 2008 4179 divertit.
2116 4113 2215 4178 At
2258 4113 2360 4178 illi
2402 4114 2478 4179 in
2522 4113 2648 4180 hac
2699 4137 2813 4180 ex-

713 4219 975 4286 actione
1020 4218 1237 4285 Priori
1303 4216 1699 4285 restiterunt
1764 4216 1839 4282 in
1897 4215 2171 4298 faciem3
2236 4216 2416 4282 unde
2461 4216 2666 4299 Prior,
2711 4217 2815 4283 ira

713 4342 1036 4405 accensus,
1080 4323 1155 4389 in
1199 4320 1606 4409 adjutorium
1634 4319 2002 4387 exactionis
2044 4342 2184 4387 suae
2225 4320 2494 4388 vocavit
2534 4320 2816 4389 Comitis

783 4519 884 4526 ‘—

788 4629 802 4659 ¹
827 4625 1163 4675 narrationem
1183 4623 1239 4674 in
1261 4624 1453 4675 Wats’s
1471 4629 1596 4675 text.
1757 4621 1775 4757 ι
1867 4622 1888 4652 ²
1912 4618 2172 4685 Albanam
2197 4618 2254 4671 in
2275 4618 2438 4672 Wats’
2463 4626 2587 4675 text.

784 4708 806 4738 ²
835 4702 1103 4756 Gulielmus
1123 4702 1178 4753 in
1199 4703 1387 4755 Wats’s
1410 4708 1532 4756 text.
