3450 5717
1111 837 1533 889 mommsen
1577 837 1828 888 sutem
1871 836 2149 887 ALnAm.
2548 824 2683 891 397

669 1039 918 1105 Fuerat
962 1038 1197 1125 utique
1257 1039 1385 1105 iste
1430 1038 1661 1105 Abbas
1708 1039 1887 1104 inter
1944 1043 2215 1105 cunctos
2277 1039 2469 1125 regni
2510 1061 2681 1126 prae-
2738 1043 2879 1096 John
2897 1044 2987 1108 11„

576 1141 763 1219 latos,
792 1140 1128 1228 religionis
1172 1140 1525 1227 speculum,
1566 1141 1977 1206 maturitatis
2022 1140 2417 1229 exemplum,
2445 1140 2682 1207 facetia
2772 1112 2966 1240 ἒξζὲι,

577 1241 881 1323 famosus,
934 1246 1005 1307 et
1042 1263 1243 1327 quam
1281 1243 1573 1308 maxime
1616 1242 1888 1331 dapsilis
1916 1247 2119 1330 atque
2147 1242 2386 1331 largus.
2479 1242 2680 1310 Unde
2794 1245 2931 1295 ΑΒ·

579 1345 776 1411 multi
839 1343 1094 1411 nobiles
1156 1365 1194 1410 e
1251 1366 1458 1432 regno
1518 1365 1671 1411 suos
1728 1345 1991 1428 liberos,
2058 1345 2383 1413 educandi
2440 1346 2679 1436 grafia,
2743 1314 2988 1416 12260.

577 1466 715 1513 ⁸¹1ae
759 1445 1075 1513 custodiae
1118 1445 1693 1513 commendabant.
2701 1440 2827 1560 R}
2840 1442 2968 1560 ῖιέῑι.

2701 1574 2877 1625 nobles

2736 1639 2880 1691 laced

577 1712 680 1780 De
722 1711 1029 1781 mdsewc'e
1069 1719 1364 1801 tempore
1407 1711 1632 1781 obitus
1668 1710 1993 1801 praedicti
2038 1709 2324 1779 Abbatie
2364 1731 2573 1800 rayno
2619 1717 2681 1780 et
2702 1655 2864 1758 {¹²⁶³
2885 1707 2968 1759 ¹²1⁸

969 1814 1282 1883 Ecclesiae
1323 1814 1745 1901 Anylicamoe
1787 1813 2297 1901 cmztiqentibus.
2704 1787 2833 1825 m

669 1976 817 2042 Rex
890 1977 1319 2065 magnatibus
1409 1980 1480 2044 et
1556 1976 1867 2043 Ecclesiae
1925 1976 2238 2063 praelatis,
2295 1974 2677 2043 libertatem
2703 2006 2933 2060 mserloe
2955 2009 3021 2061 of

581 2078 845 2166 ΜΨ
875 2078 1163 2160 Chartae,
1213 2084 1283 2146 et
1327 2079 1459 2145 alia
1492 2078 1683 2165 justa
1727 2084 1799 2145 et
1841 2082 2089 2160 sancta,
2122 2078 2518 2164 petentibus,
2565 2079 2682 2144 ad·
2706 2073 2947 2191 fflssffl
2959 2083 3023 2192 gf*

579 2181 985 2248 versabatur.
1076 2182 1259 2268 Papa
1301 2202 1478 2262 vero,
1525 2186 1595 2246 et
1637 2180 1802 2259 Rex,
1850 2179 2144 2267 pecuniae
2173 2178 2526 2256 inhiantes,
2568 2201 2687 2266 per
2707 2206 2786 2257 his
2807 2208 2972 2259 death.

579 2283 955 2350 exactiones
1012 2283 1299 2369 injustas
1353 2288 1424 2350 et
1464 2281 1936 2370 importabiles,
1995 2302 2175 2347 nunc
2224 2302 2346 2368 pro
2390 2280 2684 2347 subsidio

579 2384 798 2452 Terrae
845 2384 1124 2465 Sanctae,
1167 2407 1346 2451 nunc
1395 2405 1516 2472 pro
1566 2385 1819 2471 guerris
1870 2383 2012 2450 suis
2062 2383 2135 2448 in
2186 2381 2446 2462 wallia,
2498 2381 2683 2449 Was-
2704 2406 2871 2474 Q
2886 2422 3024 2459 sums

577 2487 787 2567 conia,
835 2492 905 2553 et
951 2486 1215 2573 Apulia,
1275 2485 1747 2565 sustentandis,
1794 2506 1974 2552 nunc
2019 2506 2139 2572 pro
2197 2484 2336 2550 filio
2378 2483 2520 2570 ejus
2549 2483 2685 2550 Ed·
2705 2472 3006 2606 mg

576 2589 827 2655 mundo
871 2589 946 2654 in
990 2589 1241 2675 Regem
1285 2587 1552 2675 Apuliae
1596 2587 1986 2666 coronandO,
2031 2607 2211 2653 nunc
2252 2608 2373 2674 pro
2420 2585 2680 2654 Comite
2702 2606 2847 2672 mag

580 2689 955 2770 Cornubiae,
1015 2689 1220 2756 fratre
1281 2688 1500 2777 Regis,
1558 2688 1633 2755 in
1694 2688 1943 2776 Regem
2002 2688 2451 2754 Romanorum
2501 2709 2680 2754 coro-
2702 2672 2905 2789 §unffi
2929 2688 2997 2722 ⁰¹¹

576 2792 818 2870 nando,
878 2813 1057 2858 nunc
1107 2813 1227 2878 pro
1289 2790 1861 2881 prodigalitalibus
1929 2812 2155 2856 eorum
2201 2788 2226 2829 ¹
2245 2793 2681 2857 manutenen-
2704 2811 2975 2869 pretences.

584 2893 708 2972 dis,
740 2894 1060 2960 Praelatos
1103 2893 1413 2960 Ecclesiae
1465 2893 1927 2981 multipliciter
1971 2892 2351 2959 vexabant:
2402 2914 2681 2979 regnum
2705 2919 2817 2969 The
2839 2934 2920 2971 re-

578 3001 649 3061 et
693 2992 1010 3082 populum
1077 3016 1245 3082 pene
1319 2995 1910 3062 irrestaurabiliter
1966 2994 2423 3083 apporiabant,
2486 2994 2679 3076 dona,
2704 2985 3022 3119 fflgffoednffy

575 3097 911 3178 beneficia,
940 3103 1010 3163 et
1037 3097 1291 3163 nobiles
1322 3094 1704 3185 dig'nitates,
1736 3102 1970 3163 contra
2004 3096 2120 3182 jus
2148 3102 2218 3163 et
2245 3097 2680 3174 honestatem,
2704 3117 2930 3170 lavished
2952 3133 3021 3169 on

575 3199 871 3287 personis
924 3198 1348 3278 inhabilibus‚
1396 3200 1751 3280 extraneis,
1813 3203 1882 3265 et
1932 3220 2150 3286 regno,
2179 3199 2515 3285 suspectis,
2563 3219 2679 3264 seu
2701 3183 2948 3315 &ga-1¹32-

575 3300 799 3387 potius
842 3300 1143 3379 inimicis,
1193 3301 1622 3389 prodigaliter
1666 3299 2105 3381 conferendo;
2167 3300 2678 3367 contradictores
2700 3315 2991 3380 savonritoe,

576 3403 796 3481 etiam,
840 3402 1158 3469 Praelatos
1202 3395 1513 3469 Ecclesiae
1573 3407 1853 3484 sanctos,
1901 3407 1972 3468 et
2023 3402 2279 3469 nobiles
2337 3407 2677 3490 magnates
2697 3382 2967 3513 'fiptgeand

573 3504 780 3591 mgni,
823 3526 943 3592 per
986 3504 1279 3570 diversas
1308 3526 1614 3572 censuras
1658 3504 2147 3582 ecclesiasticae,
2193 3525 2311 3590 per
2355 3525 2507 3570 suos
2553 3502 2680 3570 Le-
2702 3515 2791 3567 the
2809 3516 2963 3580 King.

573 3611 783 3693 gatos,
826 3611 898 3672 et
956 3606 1120 3671 alias
1178 3606 1344 3672 viles
1404 3627 1737 3694 personas,
1797 3605 2209 3672 horribiliter
2266 3610 2338 3672 et
2380 3605 2682 3672 dolenter

575 3706 1025 3794 inquietanda

666 3808 1162 3897 Archiepiscopi
1208 3808 1740 3889 Cantuarienses,
1788 3808 1906 3895 qui
1964 3807 2312 3875 vacillanti
2371 3806 2681 3876 Ecclesiae
2704 3822 2817 3876 'nne
2836 3823 3007 3875 Arch-

576 3910 778 3991 Petri,
834 3932 910 3977 ac
961 3911 1290 3978 naviculae
1347 3911 1722 3991 fluctuanti,
1769 3909 2063 3977 naucleri
2107 3932 2246 3977 esse
2290 3910 2678 3991 debuerant,
2702 3890 3020 4023 ggffiffiry

574 4013 648 4078 in
692 4012 996 4099 partibus
1038 4013 1500 4079 transmarinis
1540 4034 1618 4079 ac
1673 4012 1945 4079 remotis
1990 4012 2373 4091 exulabant,
2417 4017 2488 4078 et
2532 4033 2679 4100 gre-
2701 4023 2873 4074 exiled
2893 4032 2948 4074 to

573 4137 725 4203 gem
752 4135 947 4180 suum
986 4114 1210 4182 minus
1237 4137 1436 4201 quam
1480 4114 1889 4204 emdiebat,
1935 4113 2411 4201 gubernabant.
2501 4112 2676 4179 Ebo-
2699 4097 2889 4219 mm

573 4218 859 4285 racensis
902 4216 931 4256 ⁹
947 4218 1509 4306 Archiepiscopus,
1536 4219 1586 4284 J
1587 4219 1877 4285 ohannes
1908 4216 2206 4298 Sewalle,
2249 4220 2321 4282 et
2349 4215 2679 4282 Robertus
2700 4221 2870 4273 Denth
2887 4223 2948 4275 of

578 4321 895 4400 Grostest,
924 4320 1399 4388 Linoolniensis
1429 4321 1808 4409 Episcopus,
1856 4321 2153 4408 Rogatus
2183 4317 2679 4399 Londouiensis,
2700 4288 2988 4421 32:32¹·

576 4422 898 4489 Ricardus
941 4422 1368 4490 Cicestrensis
1393 4422 1783 4511 Episcopus,
1812 4422 1944 4488 viri
1986 4420 2215 4499 sancti,
2257 4421 2485 4508 magni
2527 4442 2681 4487 con·
2697 4419 2839 4474 lates.

645 4650 662 4684 ¹
685 4650 985 4702 mutendi:
1016 4651 1071 4702 in
1108 4652 1222 4703 MS.
1247 4650 1486 4705 Claudius
1521 4651 1581 4703 E.
1745 4649 1767 4682 ²
1789 4649 2079 4716 Episcopus
2112 4648 2166 4700 in
2199 4650 2315 4702 MS.
2346 4649 2589 4704 Claudius
2619 4653 2680 4704 E.

575 4731 663 4793 iv„
694 4731 766 4796 by
784 4729 1154 4783 inadvertence.
1678 4731 1749 4781 iv.
