3450 5717
1335 805 1692 855 APPENDIX
1739 789 1858 878 (c).
2558 797 2682 860 501

595 993 633 1018 “
673 991 847 1048 dalia.
923 990 1147 1048 Tunica
1188 1009 1439 1064 quoque,
1492 996 1552 1046 et
1587 991 1917 1056 dalmatica,
1958 993 2020 1048 in
2059 991 2381 1049 Missamm
2427 994 2684 1052 celebra·

593 1079 633 1102 ‘⁸
671 1076 928 1133 tionibus
966 1081 1186 1142 utatur,
1225 1093 1359 1147 quae
1392 1075 1572 1132 liceat
1605 1076 1663 1130 ei
1709 1092 1829 1131 non
1861 1081 2093 1133 tantum
2128 1077 2193 1132 in
2225 1073 2467 1150 propria
2502 1079 2685 1135 eccle-

589 1162 631 1186 “
668 1160 776 1225 sia,
814 1165 877 1216 et
923 1159 1107 1216 Gellis
1153 1160 1388 1225 vestris,
1440 1159 1545 1215 sed
1591 1164 1653 1216 et
1696 1159 1762 1214 in
1798 1161 2068 1216 omnibus
2105 1161 2387 1228 ecclesiia,
2426 1162 2504 1218 ad
2538 1181 2685 1235 quas

589 1246 626 1271 “
663 1250 906 1315 rogatus
941 1245 1274 1309 accesserit,
1325 1245 1390 1299 in
1443 1243 1612 1300 festis
1654 1243 1861 1300 diebus
1913 1250 2167 1316 gestare,
2205 1246 2676 1304 benedictionem

587 1330 625 1355 “
663 1328 822 1393 dare,
860 1329 1210 1386 vestimenta
1259 1327 1644 1387 sacerdotalia
1695 1327 2061 1397 benedicere,
2101 1331 2347 1387 clericos
2384 1349 2520 1388 suos
2555 1337 2681 1388 ton-

585 1415 624 1439 “
663 1430 880 1477 serare,
921 1418 983 1470 et
1025 1413 1090 1468 in
1137 1418 1356 1469 sortem
1409 1411 1777 1467 Dominicam
1833 1430 2152 1480 assumere,
2209 1415 2682 1472 sanctimoniales

581 1499 619 1522 ‘⁴
658 1514 805 1553 suas·
828 1497 1196 1561 benedicere,
1237 1502 1322 1560 ut,
1366 1496 1522 1552 siout
1574 1495 1798 1551 Beatus
1833 1495 2099 1553 Albanus
2151 1498 2486 1570 Anglorum
2539 1499 2682 1555 Pro·

583 1582 621 1606 ‘⁴
658 1585 946 1654 tomartyr
991 1599 1121 1636 esse
1163 1579 1504 1644 dinoscitur,
1569 1579 1655 1635 ita
1712 1584 1775 1635 et
1844 1578 2045 1636 Abbas
2093 1583 2434 1638 monasterii
2492 1583 2681 1656 ipsius

581 1664 620 1690 “
656 1663 812 1720 inter
856 1664 1114 1721 Abbates
1189 1662 1497 1735 Angliae¹
1520 1661 1748 1735 primus
1803 1663 1962 1718 omni
2035 1668 2299 1737 tempore
2372 1665 2681 1736 dignitatis

581 1748 621 1774 “
657 1747 858 1803 ordine
905 1747 1206 1802 habeatur.
1280 1747 1378 1802 Ita
1416 1751 1632 1810 tamen,
1674 1746 1833 1818 quod
1866 1763 2166 1819 nunquam
2216 1748 2328 1804 hac
2380 1749 2681 1806 occasione

579 1832 619 1858 ‘⁶
655 1830 811 1886 infra
844 1831 1101 1887 claustra
1134 1829 1481 1886 Monasterii
1499 1828 1698 1885 Abbas
1742 1831 1872 1902 ipse
1902 1837 2223 1903 praesumat
2243 1833 2335 1888 uti
2359 1833 2456 1888 vel
2493 1850 2679 1906 cappa

580 1917 617 1941 ‘⁸
655 1915 931 1981 clericali,
979 1915 1078 1972 vel
1124 1913 1396 1970 saeculari
1432 1911 1632 1984 aliquo
1666 1912 2046 1981 indumento;
2086 1913 2191 1970 sed
2234 1915 2545 1972 monastici
2579 1918 2682 1973 ha·

577 2000 617 2025 “
653 1999 812 2054 bitus
847 1998 1237 2055 reverentiam
1271 1998 1336 2053 in
1370 1997 1639 2052 omnibus
1676 1997 1995 2069 diligenter
2030 1997 2320 2064 observet,
2349 2004 2410 2055 et
2433 2001 2681 2057 formam

577 2084 616 2109 “
651 2082 957 2153 religionis
1006 2080 1370 2153 praetendere
1430 2080 1785 2137 intuentium
1837 2081 2021 2137 oculis
2058 2081 2486 2154 comprobetur.
2559 2083 2582 2117 ²
2606 2084 2681 2140 In

578 2166 617 2193 “
655 2165 937 2237 ponendis
989 2183 1148 2230 vere,
1222 2164 1319 2221 vel
1377 2164 1772 2230 removendis,
1811 2164 2119 2221 Prioribus
2188 2165 2507 2231 Oellarum,
2581 2168 2679 2224 vel

576 2251 614 2277 “
652 2249 972 2315 monachis,
1025 2249 1224 2306 nullus
1277 2248 1512 2304 omnino
1562 2248 1835 2313 clericus,
1882 2248 2009 2304 sive
2044 2249 2257 2315 laicus,
2313 2267 2377 2307 se
2413 2250 2674 2322 objiciat,

576 2335 614 2361 ‘⁶
654 2333 757 2388 sed
796 2332 995 2389 Abbas
1032 2333 1135 2405 qui
1184 2350 1292 2406 pro
1343 2338 1604 2404 tempore
1658 2332 1859 2398 fuerit,
1899 2332 2152 2404 ponendi
2187 2332 2285 2389 vel
2335 2334 2677 2389 removendi

575 2418 614 2444 “
652 2435 772 2483 eos,
820 2417 926 2473 ubi
961 2421 1355 2489 opportunum
1404 2415 1603 2482 fuerit,
1657 2415 1879 2487 absque
1933 2415 2186 2487 alicujus
2224 2416 2677 2474 contradictione

573 2504 612 2527 “
650 2501 900 2558 liberam
931 2501 1148 2557 habeat
1182 2499 1546 2564 facultatem,
1586 2504 1876 2568 quatenus
1912 2504 2036 2555 tam
2076 2498 2315 2557 Priores
2353 2518 2531 2572 quam
2554 2519 2677 2556 mo-

571 2587 611 2613 “
647 2586 818 2642 uachi
852 2586 914 2641 in
953 2585 1244 2642 Abbatem
1286 2602 1528 2640 suorum
1571 2601 1802 2657 semper
1838 2590 2127 2656 potestate
2161 2592 2574 2657 permaneant;
2613 2592 2675 2643 et

572 2672 610 2698 “
645 2671 730 2726 ita
785 2678 893 2743 per
929 2670 1124 2725 omnia
1157 2669 1334 2724 liberi
1386 2670 1508 2725 sint
1543 2667 1797 2724 ubilibet
1847 2668 2178 2724 habitantes
2229 2669 2303 2724 ab
2352 2669 2669 2742 Episcopo·

571 2755 610 2782 “
647 2773 782 2810 rum
841 2754 1218 2826 subjectione,
1277 2752 1399 2809 acsi
1453 2753 1517 2807 in
1566 2769 1810 2824 corpore
1860 2751 2209 2809 Monasterii
2266 2760 2671 2823 morarentur;

572 2841 610 2866 “
649 2857 795 2910 quos
844 2839 1009 2895 nulla
1056 2838 1291 2894 omnino
1342 2853 1609 2909 persona,
1665 2841 1885 2908 praeter
1919 2835 2249 2891 Romanum
2302 2836 2669 2905 Pontificem,

570 2925 609 2951 “
647 2923 742 2979 et³
784 2923 1046 2996 Legatus
1083 2921 1159 2977 ad
1215 2922 1328 2977 hoc
1360 2920 1600 2985 missus,
1657 2919 2123 2976 excommunicet
2182 2924 2284 2975 aut
2340 2919 2668 2978 interdicat.

567 3008 607 3035 “
644 3006 814 3076 Quod
848 3008 900 3064 si
936 3008 1250 3079 quisquam
1285 3005 1437 3061 alius
1474 3004 1675 3074 aliquo
1708 3009 1975 3074 tempore
2023 3008 2310 3060 attentare
2346 3022 2671 3078 praesump-

568 3094 607 3119 “
645 3092 807 3156 serit,
865 3092 995 3165 ejus
1029 3092 1096 3148 in
1127 3091 1239 3147 hac
1291 3094 1459 3162 parte
1512 3088 1736 3144 factum
1783 3087 2017 3143 omnino
2066 3087 2295 3143 viribus
2348 3095 2561 3155 careat,
2609 3096 2673 3147 et

569 3179 606 3204 ‘⁶
643 3175 878 3246 penitus
925 3176 1163 3231 irritum
1232 3173 1535 3228 habeatur.
1609 3171 2000 3227 Prohibemus
2062 3187 2314 3242 quoque,
2354 3179 2424 3228 ut
2468 3173 2668 3230 nuilus

568 3262 606 3288 “
644 3261 989 3332 Episcopus,
1013 3259 1139 3315 sive
1172 3255 1686 3327 Archiepiscopus,
1742 3254 1807 3308 in
1839 3244 2056 3308 vestro
2089 3252 2387 3319 Ooenobio,
2426 3256 2524 3311 vel
2571 3256 2669 3312 ad-

565 3343 964 3455 :jacentibus
1026 3340 1313 3405 ecclesiis,
1388 3340 1452 3394 in
1487 3337 1702 3408 quibus
1754 3336 2021 3408 ejusdem
2069 3335 2417 3395 Monasterii
2468 3338 2668 3396 Abbas

589 3429 737 3500 ‘jus
774 3427 1103 3500 pontificale
1151 3425 1370 3481 habere
1415 3422 1757 3486 dinoscitur,
1794 3420 2012 3476 Missas
2048 3419 2338 3491 publicas,
2365 3421 2464 3478 vel
2518 3423 2666 3479 Gon-

565 3515 605 3540 “
638 3518 899 3577 ventum,
940 3510 1065 3568 sive
1098 3508 1420 3583 Synodum,
1461 3506 1776 3571 celebrare,
1816 3503 2156 3560 cathedram
2191 3504 2497 3571 collocare,
2534 3524 2666 3578 pro·

563 3598 600 3624 “
639 3594 965 3652 cessionem
1034 3593 1333 3650 solennem
1384 3591 1576 3645 facere
1630 3594 1734 3644 aut
1786 3587 2042 3659 exigere,
2099 3603 2304 3657 regem
2368 3606 2661 3657 coronare,

565 3684 604 3708 “
642 3697 748 3735 seu
790 3677 1030 3750 aliquod
1065 3676 1322 3733 officium
1358 3672 1688 3747 episcopale
1739 3672 1803 3726 in
1839 3671 2042 3742 aliqua
2088 3670 2388 3727 Cellarum
2423 3691 2663 3729 suarum

564 3768 603 3794 ‘⁴
641 3780 928 3829 exercere,
985 3761 1082 3817 vel
1134 3759 1462 3833 hospitium
1533 3756 1792 3829 exigere,
1845 3759 2167 3828 praesumat
2179 3776 2198 3819 3
2249 3756 2663 3817 universaliter

562 3851 602 3876 “
641 3852 980 3911 statuenteS,
1018 3850 1088 3901 ut
1123 3845 1455 3917 quicunque
1479 3840 1779 3913 Episcopi,
1825 3837 2289 3911 Archiepiscopi,
2327 3839 2425 3897 vel
2461 3858 2662 3897 eorum

563 3936 602 3960 “
639 3931 839 3987 clerici
876 3934 978 3985 aut
1035 3928 1314 3993 ministri,
1377 3943 1555 3997 super
1613 3924 1811 3996 ipsum
1865 3923 2303 3989 monasterium,
2339 3924 2437 3980 vel
2485 3943 2663 3999 super

561 4020 601 4044 “
640 4015 834 4072 Cellas
859 4019 920 4069 et
942 4012 1250 4085 praedictas
1285 4008 1306 4040 ⁴
1325 4008 1689 4083 parochiales
1713 4007 1993 4064 ecclesias
2034 4006 2259 4063 nullam
2293 4007 2661 4080 aliquatenus

562 4102 600 4127 “
638 4102 986 4171 potestatem
1045 4097 1311 4160 habeant,
1372 4112 1480 4150 nec
1550 4110 1755 4150 earum
1816 4090 2191 4163 presbyteros
2249 4090 2345 4147 vel
2417 4091 2660 4150 clericos

563 4186 602 4212 “
640 4199 1036 4254 quoscunque,
1077 4181 1202 4236 sive
1249 4179 1451 4243 laicos,
1491 4177 1596 4233 sed
1632 4194 1741 4232 nec
1776 4175 2088 4241 Abbatem,
2114 4174 2370 4239 Priores,
2408 4176 2504 4232 vel
2539 4194 2660 4233 mo·

562 4271 602 4296 “
637 4267 875 4331 nachos,
934 4266 1008 4320 ad
1068 4263 1367 4336 Synodum
1405 4279 1592 4325 suam,
1646 4261 1743 4317 vel
1780 4259 2142 4332 Capitulum,
2186 4274 2520 4327 convocare,
2560 4261 2659 4317 vel

627 4449 642 4481 ¹
675 4447 823 4509 Quod
838 4446 1011 4498 Abbas
1037 4446 1213 4497 Sancti
1234 4444 1423 4496 Albani
1448 4444 1561 4508 pri-
1662 4439 2173 4506 auchie—Margine]
2196 4439 2329 4491 Note
2344 4440 2396 4489 in
2419 4440 2532 4493 MS.

560 4546 664 4578 mus
707 4534 782 4577 est
841 4529 967 4577 iuter
1014 4525 1233 4577 Abbates
1278 4522 1557 4588 Anylioe.—
1723 4520 1746 4554 ³
1769 4520 1855 4572 Sic
1876 4521 1930 4570 in
1949 4519 2084 4579 MS„
2098 4519 2150 4569 in
2172 4519 2259 4570 the
2280 4520 2599 4574 nominative.

563 4606 817 4672 Marginal
839 4606 971 4657 Note
991 4605 1048 4656 in
1069 4604 1182 4656 MS.
1735 4600 1755 4632 ⁴
1772 4597 2115 4666 parrochiales
2136 4598 2188 4649 in
2212 4598 2326 4649 MS.

623 4686 646 4718 ²
666 4684 754 4737 De
782 4683 1056 4735 movendis
1079 4681 1338 4735 Prioribus
1375 4689 1420 4732 et
1453 4698 1550 4730 mo-
1602 4700 1607 4717 ·
