3450 5717
1347 848 1704 899 APPENDIX
1747 834 1865 922 (Β).
2515 845 2648 914 497

542 1029 677 1085 dem
716 1032 926 1103 plebis,
984 1042 1045 1090 et
1092 1035 1214 1091 vim
1249 1035 1436 1090 turbae
1490 1034 1752 1106 undique
1806 1035 2170 1102 confluentis,
2213 1056 2389 1110 quam
2424 1058 2460 1095 a
2495 1058 2651 1097 com-

538 1117 839 1187 pressione
884 1119 1109 1175 inventi
1159 1120 1417 1176 thesauri
1454 1136 1653 1175 arcere
1689 1137 1808 1174 non
1841 1127 2089 1192 poterat,
2139 1122 2364 1194 placuit
2408 1124 2643 1192 Abbati,

500 1267 506 1274 ⁹
535 1204 605 1255 ut
645 1200 937 1274 Martyres
977 1204 1164 1259 sancti
1204 1203 1268 1258 in
1307 1203 1478 1258 Beati
1513 1202 1727 1258 Albani
1762 1203 2066 1261 basilicam
2118 1212 2506 1277 portarentur,
2545 1211 2647 1265 ubi

538 1286 803 1343 custodia
838 1286 854 1319 ¹
875 1287 1233 1359 diligentior,
1272 1293 1334 1344 et
1373 1288 1657 1343 securitas
1698 1288 1965 1360 amplior,
2005 1296 2235 1361 poterat
2268 1293 2553 1349 adhiberi.

611 1367 764 1438 Quid
799 1371 1032 1426 multa?
1088 1366 1364 1427 Redeunt
1398 1389 1533 1427 cum
1570 1370 1802 1426 Abbate
1842 1371 2055 1428 fratres
2095 1376 2428 1445 separatim,
2471 1377 2645 1433 Sanc-

536 1456 733 1508 torum
768 1453 791 1487 ²
813 1454 1065 1527 pignora
1098 1454 1614 1527 processionaliter
1662 1453 2012 1511 deferentes.
2103 1457 2379 1515 Procedit
2425 1459 2646 1531 Marty-

536 1535 702 1593 ribus
739 1537 975 1594 obviam
1016 1557 1152 1594 cum
1188 1538 1558 1610 processione
1599 1537 1955 1604 Conventus,
1997 1557 2211 1613 corpus
2249 1561 2447 1598 secum
2471 1537 2664 1600 Beati'

535 1618 751 1675 Albani
786 1620 1070 1693 Martyris
1108 1622 1499 1694 deportantes.
1591 1619 1760 1691 Quod
1797 1640 1932 1678 cum
1968 1623 2281 1696 aliquoties
2319 1628 2637 1692 consuevit,

534 1711 711 1775 prout
768 1707 895 1778 ejus
953 1707 1349 1778 portatoribus
1398 1712 1643 1771 constat,
1709 1708 1851 1764 satis
1915 1708 2163 1765 existere
2230 1712 2638 1783 ponderosum,

534 1793 754 1846 tantam
803 1792 895 1846 sui
949 1791 1295 1847 facilitatem
1348 1791 1455 1846 illa
1501 1790 1647 1846 hora
1698 1790 1984 1858 exhibuit,
2052 1799 2122 1849 ut
2168 1795 2365 1850 volare
2424 1795 2637 1867 potius,

534 1889 708 1941 quam
744 1874 1006 1931 humeris
1044 1866 1358 1931 ferentium
1394 1872 1755 1939 incumbere,
1796 1873 2117 1930 videretur.
2191 1874 2464 1934 Occurrit
2498 1896 2641 1951 ergo

532 1954 761 2028 Martyr
795 1957 1180 2029 Martyribus,
1220 1958 1507 2029 magistro
1545 1957 1892 2030 discipulus,
1932 1963 1994 2013 et
2027 1957 2152 2031 jam
2191 1961 2384 2031 palam
2424 1964 2641 2034 magis-

531 2043 691 2093 trum
737 2042 962 2113 recepit
995 2046 1406 2106 revertentem,
1465 2058 1640 2113 quem
1674 2041 1929 2098 habebat
1962 2042 2107 2101 olim
2148 2044 2300 2099 clam
2336 2044 2472 2101 fidei
2507 2045 2639 2102 doc-

531 2127 719 2177 torem
753 2126 818 2179 in
852 2126 1095 2197 tugurio
1129 2125 1478 2182 latitantem.

605 2205 724 2261 Sed
774 2208 1121 2265 miraculum
1185 2209 1340 2280 quod
1375 2209 1437 2263 in
1475 2208 1780 2264 elementis
1831 2211 1955 2266 suis
1993 2210 2277 2267 Dominus
2333 2212 2635 2280 ostendere

530 2288 804 2360 dignatus
831 2299 940 2357 est,
979 2309 1114 2348 cum
1149 2292 1448 2348 obviantes
1486 2293 1508 2325 ³
1525 2293 1639 2349 sibi
1673 2294 1908 2366 penitus
1944 2294 2210 2366 reliquiae
2246 2296 2466 2367 pariter
2502 2313 2634 2351 cone

527 2380 830 2439 venerunt,
856 2393 972 2431 non
1008 2374 1185 2432 debet
1222 2377 1330 2432 sub
1368 2377 1599 2432 silentio
1635 2378 1946 2449 praeteriri.
2020 2377 2171 2433 Cum
2208 2378 2364 2434 enim
2401 2379 2633 2435 siccitas

522 2458 820 2527 prolixior,
867 2460 1091 2517 exustis
1143 2461 1346 2517 herbis
1402 2466 1463 2516 et
1513 2461 1830 2527 fructibus,
1869 2460 2096 2517 diutius
2137 2462 2533 2534 perdurasset,
2574 2470 2635 2519 et

525 2542 813 2613 agricolas
849 2544 1186 2617 desperatos
1223 2544 1595 2610 reddidisset,
1636 2544 1844 2601 eodem
1876 2551 2189 2611 momentO,
2228 2564 2365 2601 cum
2400 2547 2463 2601 in
2494 2565 2632 2605 aere

524 2641 630 2680 nec
680 2627 925 2683 minima
983 2634 1294 2700 appareret
1341 2628 1649 2692 nubecula,
1713 2634 1878 2684 tanta
1934 2628 2271 2700 pluviarum
2329 2630 2631 2687 inundatio

522 2713 810 2783 prorupit,
838 2719 907 2769 ut
942 2720 1002 2770 et
1037 2716 1268 2786 copiose
1292 2713 1707 2771 descendentes
1734 2714 1954 2769 imbres
1978 2720 2197 2769 terram
2230 2715 2252 2745 ⁴
2268 2714 2626 2782 decorarent,

523 2798 584 2848 et
643 2794 964 2868 desperatae
1014 2798 1225 2853 messis
1274 2816 1440 2870 spem
1497 2797 1909 2870 promitterent
1955 2797 2257 2852 laetiorem.
2344 2798 2628 2854 Inventus

522 2883 613 2933 est
647 2884 842 2934 autem
877 2882 1169 2953 pretiosus
1223 2880 1454 2952 Martyr
1494 2881 1905 2953 Amphibalus,
1946 2898 2083 2936 cum
2134 2882 2311 2938 sociis
2366 2882 2509 2947 suis,
2567 2890 2628 2939 et

521 2961 583 3014 in
617 2962 946 3019 Ecclesiam
982 2964 1155 3020 Beati
1188 2963 1424 3029 Albani,
1465 2981 1600 3019 cum
1636 2964 1881 3020 canticis
1918 2969 1979 3019 et
2013 2963 2257 3020 laudum
2291 2966 2621 3036 praeconiis,

520 3044 855 3102 solemniter
897 3046 1125 3104 delatus
1163 3053 1295 3112 est3
1358 3065 1506 3102 anno
1550 3065 1586 3103 a
1630 3048 1903 3120 passione
1960 3065 2067 3102 sua
2099 3047 2622 3119 ⁵octingentesimo

520 3131 876 3200 octogesimo
914 3137 1096 3196 sexto,
1134 3131 1207 3187 ab
1234 3130 1643 3187 Incarnatione
1666 3130 1906 3187 Domini
1941 3131 2258 3187 millesimo
2287 3133 2607 3188 centesimo

519 3216 956 3285 septuagesimo
991 3215 1261 3287 septimo,
1302 3214 1398 3269 die
1437 3213 1698 3279 Sabbati,
1741 3214 1990 3286 septimo
2026 3214 2326 3270 Kalendas
2365 3215 2405 3270 J
2406 3216 2548 3271 unii.

587 3296 660 3350 In
693 3299 1006 3368 praesentia
1039 3305 1238 3355 autem
1273 3303 1604 3354 sanctarum
1639 3298 2024 3369 reliquiarum
2060 3297 2266 3370 ipsius,
2305 3316 2526 3354 necnon
2562 3305 2623 3356 et

515 3378 579 3432 in
613 3379 741 3437 loco
779 3382 1096 3454 sepulturae
1131 3382 1281 3455 ejus,
1320 3381 1395 3438 ad
1429 3381 1664 3436 laudem
1689 3381 1822 3447 Dei,
1862 3388 1924 3438 et
1958 3382 2211 3453 gloriam
2243 3381 2544 3454 Martyris,
2585 3401 2621 3438 a

517 3461 770 3520 diversis
831 3465 1268 3522 infirmitatibus
1327 3471 1606 3522 sanantur
1667 3466 1898 3537 aegroti,
1976 3465 2241 3520 membra
2296 3465 2619 3538 paralytica

517 3547 860 3616 solidantur,
930 3548 952 3582 ⁸
969 3555 1268 3606 mutorum
1344 3568 1449 3606 ora
1514 3548 1589 3606 ad
1646 3548 2007 3621 loquendum
2057 3550 2371 3616 demantur,
2445 3550 2617 3607 caecis

513 3632 797 3689 tribuitur
849 3634 1034 3699 visus,
1076 3633 1270 3690 surdis
1325 3633 1581 3699 auditus,
1637 3632 1864 3689 claudis
1918 3633 2187 3688 firmatur
2234 3650 2493 3704 gressus,
2532 3639 2613 3700 et,

516 3716 672 3788 quod
721 3716 914 3789 magis
967 3717 1344 3788 magnificum
1397 3723 1508 3783 est,
1562 3717 1784 3787 arrepti
1834 3735 1871 3772 a
1919 3717 2206 3772 daemonio
2269 3715 2611 3783 liberantur,

515 3799 815 3871 epileptici
869 3806 1165 3866 sanantur,
1228 3800 1447 3872 leprosi
1482 3799 1856 3865 mundantur,
1921 3798 1982 3855 e't
2034 3798 2110 3854 ad
2160 3799 2345 3854 vitam
2396 3801 2613 3855 mortui

512 3889 878 3942 revocantur.
995 3884 1061 3940 Si
1109 3885 1242 3956 quis
1293 3890 1491 3941 autem
1536 3883 1975 3949 miraculorum,
2040 3901 2170 3955 quae
2218 3900 2324 3955 per
2374 3883 2613 3940 Sanctos

515 3986 652 4024 suos
709 3968 910 4025 divina
955 3977 1228 4042 operatur
1304 3970 1633 4036 clementia,
1689 3968 1959 4024 notitiam
2030 3968 2246 4023 habere
2297 3967 2608 4033 desiderat,

511 4052 779 4109 libellum
814 4054 996 4126 legat,
1025 4054 1129 4127 qui
1168 4055 1242 4110 de
1280 4054 1469 4126 signis
1493 4053 1621 4125 ejus
1659 4057 1720 4108 et
1754 4052 2076 4108 virtutibus
2112 4052 2307 4108 clarus
2329 4051 2577 4108 habetur
2591 4075 2608 4117 3

514 4140 572 4190 et
605 4154 731 4202 nos,
772 4137 847 4193 ad
882 4137 998 4193 alia
1031 4139 1398 4205 festinantes,
1438 4157 1475 4194 a
1507 4139 1726 4194 lectore
1761 4137 1996 4192 veniam
2031 4135 2414 4208 postulamus.

579 4294 595 4328 ¹
616 4295 867 4362 dfflqenter
928 4296 982 4347 in
1025 4296 1203 4359 Wats,
1255 4297 1515 4348 corrected
1670 4297 1689 4326 ⁴
1713 4297 1985 4346 irrorat-ent
2004 4293 2056 4343 in
2080 4293 2217 4344 Flor.
2240 4292 2380 4343 Hire.

508 4372 640 4425 from
660 4374 797 4427 Flor.
819 4375 958 4428 Ηιὶςι.
1671 4375 1692 4409 ⁵
1717 4375 2039 4425 vocantesimo
2062 4371 2117 4423 in
2149 4371 2318 4434 wate,
2352 4373 2605 4423 corrected

575 4454 598 4487 Ξ
618 4471 824 4521 corpora
843 4456 1114 4522 deserentes
1138 4454 1194 4506 in
1206 4455 1514 4517 wendover,
1603 4453 1735 4505 from
1757 4452 1895 4505 Flor.
1916 4451 2054 4504 Hice.

508 4533 648 4587 Flor.
670 4535 809 4587 Hist.
1671 4532 1693 4565 ⁰
1713 4532 1962 4583 multorum
2016 4528 2068 4581 in
2124 4529 2290 4594 Wats,
2341 4531 2602 4582 corrected

575 4614 597 4647 ³
616 4632 670 4665 se
702 4617 933 4681 primitus
984 4615 1214 4682 reliquie,
1250 4616 1306 4666 in
1352 4616 1516 4668 Wen-
1605 4613 1735 4664 from
1758 4611 1895 4664 Flor.
1916 4609 2055 4663 Hiat.

506 4694 679 4760 dovor,
700 4692 840 4748 Flor.
861 4694 1001 4747 Hm.

2246 4942 2332 4990 11
