3450 5717
1050 848 1469 898 MoNAsruRn
1516 846 1761 897 smc‘rl
1807 845 2080 895 ALBANI.
2535 835 2621 896 45

532 1036 745 1101 vicem
789 1039 1073 1113 remotae,
1119 1037 1310 1099 caute
1355 1033 1756 1120 procuravit,
1804 1053 1889 1097 ne
1933 1052 2019 1096 ex
2057 1029 2404 1095 vicinitate
2434 1027 2625 1094 robo-
2681 1023 2929 1084 merie,

533 1141 851 1203 rarentur.
2706 1091 2895 1216 Ᾱξζξι,

626 1241 974 1327 Comperta
1024 1243 1248 1303 tamen
1298 1237 1588 1314 tandem,
1634 1234 1750 1301 sed
1803 1256 1965 1312 ser0,
2004 1234 2368 1301 calliditate
2427 1233 2627 1320 Regis
2736 1224 2871 1272 A.D.

534 1343 826 1431 vulpina,
894 1339 1102 1428 Angli
1148 1341 1408 1428 religati
1458 1343 1633 1420 sunt,
1687 1339 1804 1404 sed
1854 1338 1930 1404 in
1989 1338 2220 1405 multis
2279 1337 2628 1405 debilitati,
2693 1293 2935 1395 10217.

534 1445 901 1510 Aluredum
945 1449 1191 1524 autem,
1239 1441 1818 1529 Archiepiscopum
1859 1440 2359 1521 Eboraoensem,
2405 1460 2632 1505 omnes
2658 1447 2770 1527 'ljhe
2791 1447 2931 1512 Eng-

537 1547 970 1633 Aquilonares
998 1544 1126 1611 sibi
1156 1544 1499 1632 elegerunt
1529 1543 1944 1630 capitaneum
1970 1567 1987 1625 3
2033 1543 2379 1610 Australes
2409 1548 2633 1609 autem
2658 1513 2965 1632 {3¹¹3ssssoeae

537 1648 872 1715 Abbatem
890 1646 1356 1713 Frethericum.
1433 1644 1796 1734 Stigandus
1824 1650 2068 1725 autem,
2090 1645 2634 1733 Archiepiscopus
2657 1647 2856 1713 against
2876 1645 2966 1697 ΦΒ

538 1750 982 1827 Doroberniae,
1030 1750 1171 1815 sive
1204 1747 1606 1826 Cantuariae,
1636 1748 1933 1835 graviter
1973 1754 2316 1815 accusatus
2360 1753 2461 1814 est
2491 1751 2633 1835 ipso
2658 1715 2945 1857 ἶῖἱῗίωἶ

536 1860 846 1941 tempore,
894 1857 980 1930 et,
1026 1851 1283 1918 meritis
1327 1851 1465 1918 suis
1509 1850 1950 1938 exigentibus,
1993 1851 2471 1918 condemnatus
2516 1856 2634 1929 est,
2660 1870 2896 1923 Frederie

538 1956 695 2042 quia
742 1954 1032 2020 Domino
1076 1954 1273 2041 Papae
1318 1961 1387 2019 et
1431 1952 1881 2020 ecclesiasticoe
1915 1975 2208 2020 censurae
2253 1953 2635 2020 inobediens
2658 1939 2814 2059 m
2835 1937 2894 1990 of

539 2058 788 2138 extitit,
834 2063 904 2124 et
945 2055 1227 2126 rebellis.
1323 2056 1615 2123 Comites
1659 2077 1920 2143 quoque
1949 2057 2313 2124 Eadwinus
2357 2061 2425 2124 et
2456 2056 2635 2125 Clito

538 2161 899 2248 Eadgarus,
990 2160 1213 2247 (quem
1285 2159 1357 2224 in
1433 2180 1674 2247 regem,
1750 2163 2074 2247 tanquam
2149 2160 2359 2248 regali
2430 2161 2635 2248 stirpe

539 2270 852 2344 creatum,
890 2266 961 2328 et
1018 2283 1283 2349 corpore
1341 2261 1924 2349 elegantissimum,
1978 2263 2381 2329 universitas
2426 2263 2635 2350 regni,

534 2371 803 2453 propter
849 2365 1279 2431 enormitates
1337 2363 1541 2451 Regis
1603 2363 1913 2446 Haraldi,
1971 2386 2220 2432 creasse
2282 2364 2636 2452 aliquando

541 2465 1016 2555 proposuerat,)
1080 2466 1213 2532 viri
1257 2458 1717 2544 strenuissimi,
1757 2466 1927 2555 Regi
1996 2467 2332 2534 Willelmo
2375 2467 2639 2535 fortiter
2665 2472 2869 2526 Certain

541 2571 856 2648 restitere,
905 2570 1150 2635 multos
1209 2569 1291 2635 de
1343 2569 1483 2635 suis
1542 2568 1957 2656 perimentes.
2048 2569 2321 2637 Praelati
2380 2592 2640 2658 quoque
2657 2542 2878 2671 fffisstlfg

539 2672 753 2738 sancti
800 2673 1043 2738 damna
1093 2676 1165 2736 et
1211 2671 1490 2758 iujurias
1541 2691 1768 2750 novas,
1817 2693 1859 2736 a
1898 2671 2094 2738 novis
2146 2673 2641 2762 oppressoribus
2666 2674 2859 2751 Abbop,
2882 2672 2934 2723 in

538 2775 781 2854 illatas,
822 2773 1202 2853 tolerantes,
1248 2772 1580 2853 videlicet,
1612 2772 2002 2840 Wolstanus
2028 2772 2530 2863 Wygorniensis
2574 2781 2642 2842 et
2665 2754 2911 2819 ΨΜ

540 2875 882 2942 Walter-us
914 2874 1438 2953 Herefordensis,
1485 2874 1814 2962 Episcopi,
1859 2898 2010 2941 cum
2055 2876 2454 2959 Fretherico,
2500 2877 2642 2944 Ab·
2664 2808 2910 2926 {ffim

540 2978 697 3045 bate
770 2978 1001 3045 Sancti
1074 2977 1339 3056 Albani,
1412 2976 1749 3044 Willelmo
1801 2978 1993 3066 Regi,
2069 2980 2349 3067 superbo
2415 2986 2485 3047 et
2559 2980 2641 3047 de

543 3080 882 3168 triumpho
908 3080 1244 3168 glorianti,
1274 3085 1344 3146 et
1371 3078 1642 3166 quidam
1681 3080 1859 3147 cives
1890 3079 2270 3162 Londoniae,
2308 3084 2381 3149 in
2409 3083 2643 3150 faciem

541 3184 949 3250 restiterunt.
1040 3182 1511 3249 Immisericors
1556 3183 1737 3248 enim
1782 3183 1952 3251 Rex‘
1974 3190 2136 3264 erat,
2188 3191 2258 3252 et
2317 3191 2644 3274 tyrannus
2669 3200 2944 3253 charaeta·

543 3285 1012 3366 inexorabilis3
1073 3289 1144 3351 et
1189 3305 1354 3371 quos
1398 3284 1664 3350 blandis
1709 3285 1931 3352 verbis
1983 3292 2052 3354 et
2109 3287 2311 3376 largis
2369 3290 2642 3376 promis·
2667 3267 2906 3386 {iffi-

545 3388 844 3455 sionibus
889 3391 1151 3474 poterat
1180 3387 1455 3467 allicere,
1490 3387 1565 3452 in
1592 3389 1743 3466 fine,
1796 3410 2136 3477 oppressor
2170 3391 2529 3477 injuriosus
2567 3414 2645 3459 ac

546 3491 869 3579 perjurus,
929 3490 1401 3578 suppeditavit.
1522 3491 1811 3559 Astutus
1878 3498 2123 3572 tamen,
2173 3500 2242 3561 et
2315 3501 2643 3583 tyrannus

545 3597 837 3685 belliger,
880 3618 1061 3663 nunc
1089 3598 1228 3676 hos,
1273 3619 1451 3663 nunc
1479 3597 1645 3677 illos,
1693 3599 1944 3666 divisos
1987 3600 2255 3683 invasit,
2302 3608 2372 3669 et
2417 3603 2643 3671 multi-

543 3699 812 3787 pliciter
841 3698 1075 3764 divisit
1106 3698 1579 3765 damnificatos.

637 3802 860 3868 Primo
936 3800 1153 3887 igitur
1222 3800 1622 3889 Stigandum
1680 3801 2262 3893 Archiepiscopum
2291 3843 2383 3858 —
2414 3807 2645 3895 Papali
2669 3815 2945 3880 Inprim-

546 3925 862 3992 persuasu
918 3902 1679 3992 libentius—perpetuo.
1716 3907 1956 3972 carceri
2013 3908 2431 3997 mancipavit.
2552 3911 2646 3977 Et
2667 3882 2993 4015 ffissgifshop

546 4006 784 4072 merito
807 4030 824 4087 3
871 4004 1047 4092 quia,
1078 4004 1352 4071 vivente
1381 4007 1677 4074 Roberto
1706 4007 2233 4097 Archiepiscopo,
2267 4014 2645 4080 cathedram
2670 4016 2897 4094 stigma.

548 4107 850 4174 ascendit
893 4106 1363 4193 episcopalem:
1438 4109 1617 4175 unde
1659 4110 1973 4196 gravibus
2017 4114 2435 4201 compedibus
2494 4139 2646 4184 one-
2670 4083 2952 4208 Qffiss

547 4217 752 4291 ratus,
781 4209 857 4274 in
887 4230 1138 4276 carcere
1184 4210 1494 4277 contabui
1502 4217 1552 4289 t,
1583 4214 1665 4300 et.
1678 4211 2042 4279 visceribus
2076 4216 2331 4304 crepuit
2374 4219 2649 4285 circum·
2670 4215 2936 4267 misen-able

548 4312 729 4378 fusis.
821 4310 993 4398 Ipse,
1040 4294 1277 4376 similis
1321 4312 1636 4382 arundini
1665 4315 1891 4381 ventis
1935 4317 2226 4403 agitatae,
2256 4341 2434 4387 nunc
2464 4322 2649 4410 Regi,
2672 4282 2839 4334 death.

548 4435 729 4479 nunc
770 4412 1032 4500 Anglis,
1073 4411 1433 4479 videbatur
1477 4413 1812 4484 inclinare.
1923 4418 2176 4486 Verum
2229 4422 2432 4488 etiam
2479 4426 2652 4490 mul-

549 4521 698 4582 tum
760 4515 863 4580 ini
926 4513 1329 4596 ¹dissimilis,
1378 4517 1523 4583 Rex
1569 4517 1920 4600 wolstani,
1967 4520 2276 4612 Episcopi
2320 4525 2651 4614 Wigomi-
2673 4512 2900 4632 {ffim

622 4757 641 4791 ¹
660 4756 977 4810 dinizo-ilibus
1013 4757 1067 4810 in
1102 4759 1216 4812 MS.
1242 4760 1483 4813 Claudius
1513 4762 1571 4818 Ε.
1664 4764 1786 4817 final
1807 4765 1976 4819 letters
2011 4768 2163 4837 being
2193 4773 2360 4837 partly
2393 4776 2562 4827 erased
2597 4775 2652 4827 in

557 4855 639 4898 ις
676 4839 847 4890 andin
862 4839 975 4891 Ma
992 4840 1129 4891 Nero
1146 4842 1211 4892 D.
1236 4840 1296 4896 i.;
1331 4841 1416 4893 the
1436 4842 1575 4893 three
1663 4844 1753 4895 the
1775 4845 1938 4899 latter.
