3450 5717
753 782 882 845 216
1507 793 1723 846 GESTA
1765 795 2096 848 ABBATUM

487 987 680 1050 warin,
757 980 918 1057 avit,
965 981 1138 1046 sicut
1189 980 1358 1047 solet
1411 980 1595 1047 deses
1656 981 1972 1069 magister
2017 981 2385 1048 scholarum
2447 978 2856 1046 scholaribus

488 1056 681 1184 ἒξζξι,
758 1082 898 1147 otia
941 1088 1011 1149 et
1057 1083 1294 1163 lusum,
1360 1083 1782 1170 indulgendo,
1836 1085 2182 1150 concedere
2211 1108 2230 1165 ;
2275 1088 2347 1149 et
2389 1083 2482 1149 sic
2532 1104 2651 1149 ora
2686 1082 2857 1147 mul-

509 1190 646 1239 A·D·
758 1190 978 1250 torum
1027 1185 1361 1265 conclusit,
1412 1192 1481 1252 et
1529 1186 1726 1252 corda
1781 1187 2167 1275 enervavit„

459 1260 703 1307 ¹¹⁸3'95'
849 1287 1138 1353 Nemora
1184 1310 1440 1375 quoque
1485 1289 1678 1355 Beati
1721 1289 1970 1355 Albani
2038 1289 2113 1354 in
2156 1292 2422 1364 tantum
2467 1285 2858 1374 explanavit.

420 1389 628 1507 {35:22
759 1390 1356 1470 irrestaurabiliter,
1430 1397 1512 1458 ut
1578 1395 1737 1457 ante
1802 1397 1923 1491 aut
1990 1397 2142 1480 post
2210 1391 2402 1456 illum
2449 1389 2680 1456 similis
2723 1410 2857 1454 non

421 1523 558 1588 gain,
581 1523 645 1573 hs
761 1494 1214 1575 inveniretur;
1260 1495 1437 1560 unde
1482 1517 1619 1560 non
1664 1495 2010 1561 minimam
2042 1493 2469 1583 exaggeravit
2496 1492 2856 1581 pecuniam,

421 1589 742 1707 ‘35309321215110
767 1595 1052 1663 ecclesiae
1094 1619 1232 1664 non
1263 1596 1722 1684 profecturam,
1745 1599 1902 1685 quia
1929 1619 2067 1663 non
2095 1598 2261 1664 solet
2302 1595 2321 1633 ¹
2352 1595 2615 1661 sordida
2641 1595 2863 1682 praeda

426 1723 500 1775 St.
515 1723 741 1775 Alban’s.
761 1705 1047 1765 eventus
1097 1699 1306 1766 bonos
1366 1700 1739 1767 terminare.
1834 1700 2098 1767 Habuit
2141 1699 2434 1787 proinde,
2479 1697 2668 1785 quasi
2714 1696 2860 1762 tho-

760 1802 1040 1879 loneum,
1112 1802 1518 1869 scackarium
1579 1803 2161 1882 consuetudinale3
2222 1801 2341 1868 ubi
2409 1800 2706 1888 qualibet
2752 1799 2859 1865 die

760 1904 1057 1985 Sabbati,
1136 1903 1218 1972 de
1286 1927 1484 1983 more,
1529 1904 1862 1971 forestarii
1931 1909 2001 1971 et
2044 1925 2391 1971 nemorum
2457 1902 2860 1983 venditoreS,

758 2008 964 2093 (nunc
991 2007 1255 2094 viginti,
1286 2029 1463 2073 nunc
1495 2006 1658 2093 plus,
1688 2029 1869 2074 nunc
1914 2008 2113 2095 paulo
2153 2007 2417 2092 minua)
2465 2027 2613 2072 cum
2657 2006 2861 2071 ratio-

761 2108 1207 2175 cinationibus
1234 2110 1656 2195 reponebant.
1718 2109 1860 2175 Nec
1906 2110 2062 2176 inde
2093 2115 2313 2175 tamen
2349 2108 2457 2174 vel
2486 2107 2560 2173 in
2590 2107 2855 2173 ecclesia

758 2217 1160 2291 ornamenta,
1206 2212 1315 2278 vel
1342 2210 1626 2278 aedificia
1653 2210 1728 2276 in
1759 2213 1943 2278 curia
1971 2213 2081 2278 vel
2114 2211 2439 2289 maneriis,
2469 2209 2860 2289 construxit,

423 2320 522 2373 His
543 2322 739 2372 subm-
768 2314 870 2379 vel
916 2315 1119 2380 etiam
1187 2318 1567 2380 constructa
1627 2316 1970 2384 sustinuit.
2083 2313 2219 2380 Sed
2259 2335 2683 2401 summopere,
2731 2311 2863 2378 acsi

423 2389 599 2522 {3³33oe
621 2396 675 2439 ²⁰
763 2416 885 2482 hoc
928 2422 1098 2482 sssst
1143 2417 1353 2482 totius
1415 2415 1785 2481 honestatis
1847 2422 1918 2483 st
1962 2415 2254 2483 clausula
2296 2414 2647 2503 religionis,
2694 2414 2859 2503 Regi

423 2522 647 2573 Richard
764 2518 1050 2585 Ricardo
1080 2525 1149 2585 et
1181 2518 1457 2606 Reginae
1486 2519 1837 2601 Alienorae‚
1865 2541 2001 2585 non
2031 2518 2175 2586 sine
2219 2517 2448 2584 multis
2490 2518 2863 2605 sumptibus

421 2590 717 2708 aAnffig-sen
760 2626 831 2685 et
896 2621 1202 2709 pretiosis
1268 2620 1563 2686 donariis
1623 2619 2199 2701 intermeantibus,
2259 2620 2520 2686 studuit
2579 2619 2862 2708 compla-

758 2743 916 2788 cere.

853 2824 1069 2889 Multa
1128 2846 1387 2910 quoque
1453 2825 1811 2892 indiscreta
1876 2824 2345 2913 prodigalitate
2405 2824 2719 2911 profudit,
2782 2828 2864 2890 ut

759 2926 1176 3012 saepedictam
1226 2927 1555 2994 ecclesiam
1610 2927 1874 2994 Sanctae
1920 2928 2150 2995 Mariae
2181 2927 2263 2993 de
2306 2926 2527 3006 Prato,
2573 2949 2721 2993 cum
2766 2926 2864 2991 of-

758 3027 992 3109 ficinis,
1039 3033 1468 3109 construeret,
1517 3033 1586 3094 et
1632 3034 1954 3115 parentes,
1985 3028 2400 3117 glomeratim
2445 3028 2863 3107 confluentes,

424 3144 736 3222 Helganishee
759 3136 1189 3217 promoveret.
1297 3130 1520 3217 Hujus
1564 3132 1660 3197 rei
1707 3131 2131 3214 oblocutores,
2205 3137 2274 3199 et
2333 3153 2601 3197 suorum
2647 3153 2868 3198 exces-

422 3212 683 3329 tgelhdmffit
760 3255 954 3298 suum
999 3238 1416 3321 correptores,
1483 3234 1857 3300 transmisit
1908 3234 1995 3300 ad
2040 3234 2236 3301 cellas
2280 3241 2581 3312 remotas,
2626 3240 2705 3300 ut
2747 3255 2867 3299 nec
2928 3233 2937 3241 ’

421 3346 538 3394 who
559 3361 650 3424 op·
762 3335 997 3401 saltem
1046 3358 1200 3401 suas
1259 3335 1580 3402 auderent
1631 3337 1974 3404 scribendo
2053 3337 2491 3424 querimonias
2548 3336 2575 3374 ²
2595 3358 2867 3425 praecor-

418 3411 639 3543 {gisl-us
764 3438 967 3503 diales
1020 3438 1325 3505 revelare.
1421 3438 1620 3504 Unde
1670 3439 1884 3518 multi,
1940 3440 2127 3527 quasi
2186 3439 2411 3507 exules
2489 3439 2565 3504 in
2612 3461 2868 3505 summa

762 3541 1005 3605 mentis
1069 3540 1511 3606 amaritudine
1580 3545 1649 3606 et
1707 3540 1953 3607 crebris
2022 3542 2599 3628 imprecationibus
2657 3543 2863 3607 vitam

758 3642 1194 3708 miserabilem
1243 3643 1702 3708 terminarunt.
1795 3641 1928 3724 Qui
1966 3643 2367 3710 videbantur
2398 3650 2632 3710 votum
2672 3666 2864 3709 suum

758 3744 1167 3831 confregisse,
1219 3767 1368 3811 cum
1409 3745 1483 3809 in
1535 3743 1933 3830 professione
1992 3767 2113 3810 sua
2171 3745 2610 3812 stabilitatem
2660 3768 2863 3829 suam,

758 3852 829 3912 et
889 3847 1387 3914 conversionem
1459 3867 1721 3911 morum
1793 3868 2077 3925 suorum,
2132 3849 2205 3913 in
2264 3848 2388 3915 hoc
2447 3850 2861 3926 monasteriO,

761 3949 941 4035 quod
988 3954 1089 4015 est
1140 3953 1590 4015 constructum
1661 3947 1736 4012 in
1785 3948 2096 4016 honorem
2164 3950 2395 4016 Sancti
2441 3950 2707 4033 Albani,
2761 3975 2864 4017 so-

760 4050 1069 4118 lemniter
1127 4051 1428 4117 vovendo
1511 4049 1966 4136 promiserant,
2034 4057 2104 4119 et
2163 4053 2346 4119 aliud
2406 4053 2614 4122 facere
2678 4076 2864 4142 coge·

761 4154 1023 4220 bantur.

831 4440 846 4469 ¹
870 4438 932 4487 In
967 4438 1217 4491 reference
1253 4446 1306 4490 to
1342 4440 1425 4490 the
1464 4439 1581 4501 line,
1613 4441 1769 4491 much
1921 4439 1943 4471 ²
1957 4439 2263 4506 praecordia-⁹
2298 4441 2351 4490 in
2407 4440 2494 4492 the
2534 4449 2644 4492 text
2663 4442 2728 4491 of
2751 4442 2865 4494 MS.

763 4519 948 4581 quoted
979 4519 1047 4583 by
1079 4518 1167 4569 the
1211 4518 1469 4570 mediaeval
1508 4519 1770 4570 writers—
1859 4519 2098 4571 Claudius
2129 4521 2190 4569 E.
2236 4518 2345 4579 iv.;
2386 4523 2642 4572 corrected
2680 4522 2733 4570 in
2778 4522 2865 4573 the

764 4602 797 4625 ‘⁴
819 4595 938 4645 Non
967 4595 1114 4646 habet
1147 4605 1344 4647 eventus
1367 4597 1564 4681 sosdida
1590 4599 1768 4665 praeda
1856 4599 2073 4665 margin,
2098 4598 2152 4649 in
2175 4616 2205 4651 a
2228 4600 2505 4651 somewhst
2526 4600 2653 4652 later
2672 4600 2828 4653 hand.

764 4679 795 4703 “
822 4673 1014 4725 bonos?
