3450 5717
512 967 725 1033 nosen,
801 981 834 1009 ιι

556 1036 673 1087 ῙΒὼ

521 1101 711 1164 Αδδοὲ,

543 1169 679 1221 A.D.

492 1240 733 1291 1151-66.

447 3092 558 3149 The
578 3096 701 3151 Esrl

442 3166 555 3216 tells
576 3166 661 3217 the

444 3231 621 3284 Abbot
635 3232 745 3285 that

442 3297 570 3349 their
583 3299 747 3365 griev-

441 3380 588 3416 anees
609 3382 694 3418 are

440 3447 508 3481 no
538 3433 758 3487 buniam

444 3499 503 3548 of
527 3499 618 3553 his.

801 785 930 858 170
1562 800 1777 853 essm
1819 801 2152 854 annuum

880 973 1190 1041 mabilem
1235 974 1682 1063 deposuerunt
1725 976 1799 1041 in
1842 975 2115 1042 auribus
2159 975 2406 1043 nostris
2435 975 2664 1043 rustici
2707 975 2903 1041 ecele-

800 1082 836 1112 “
881 1077 996 1143 siae
1042 1078 1125 1144 de
1156 1077 1696 1164 Wymundhsm3
1743 1078 1922 1166 quod
1965 1078 2271 1146 officiales
2314 1078 2522 1146 vestri
2563 1078 2901 1143 irruerunt

799 1189 832 1215 “
877 1180 949 1245 in
993 1202 1123 1258 eos,
1168 1186 1237 1247 et
1280 1181 1587 1247 tulerunt
1649 1183 1946 1270 praedam
2010 1204 2257 1263 eorum,
2303 1176 2898 1269 confi-egeruntque

795 1290 832 1318 “
876 1305 1054 1349 seras
1083 1306 1398 1366 arearum,
1431 1288 1500 1352 et
1529 1288 1843 1351 contenta
1870 1290 2395 1373 asportaverunt.
2475 1284 2669 1366 Quod
2699 1305 2899 1370 quam

795 1393 833 1422 “
876 1386 1341 1453 detestandum
1385 1388 1476 1454 sit
1505 1389 1580 1454 in
1609 1391 1906 1475 tempore
1952 1388 2205 1477 pacifici
2232 1389 2428 1476 regie,
2460 1391 2532 1455 et
2560 1387 2634 1454 in
2665 1387 2898 1453 diebus

791 1496 827 1524 “
872 1488 1065 1575 pacis,
1110 1488 1300 1556 facile
1344 1496 1446 1556 est
1493 1489 1994 1579 deprehendere.
2117 1490 2301 1557 Illud
2366 1490 2675 1579 inprimis
2743 1495 2896 1577 eget

787 1600 825 1626 ‘⁶
874 1592 1377 1674 emendatione3
1422 1592 1664 1659 deinde
1708 1593 2194 1681 procedendum
2240 1598 2343 1660 est
2386 1594 2460 1658 in
2504 1593 2669 1673 aliis,
2693 1592 2897 1678 juxta

790 1701 826 1729 “
871 1715 1089 1760 rerum
1135 1695 1557 1783 exigentiam.
1649 1695 1755 1765 De
1800 1696 2032 1763 charta
2059 1719 2216 1762 vero
2247 1697 2459 1784 patris
2502 1697 2716 1762 vestri
2759 1717 2896 1761 non

790 1805 826 1832 “
871 1802 974 1863 est
1016 1797 1211 1885 modo
1257 1800 1555 1886 quaesti0‚
1603 1820 1725 1866 neo
1769 1799 1857 1865 ad
1900 1798 2025 1865 hoo
2066 1799 2265 1866 modo
2308 1799 2628 1865 venimus.
2705 1797 2897 1864 Nulli

788 1909 821 1935 “
868 1900 1111 1988 quippe
1155 1901 1433 1969 dubium
1478 1906 1596 1982 est,
1627 1903 1795 1989 quid
1826 1902 2054 1968 Abbas
2101 1902 2329 1969 Sancti
2359 1902 2610 1968 Albani
2653 1901 2897 1967 habeat

788 2009 824 2037 “
869 2003 943 2066 in
987 2002 1259 2070 eeclesia
1311 2005 1394 2071 de
1424 2005 1939 2093 Wymundham.
2052 2005 2380 2071 Omnibus
2428 2005 2608 2071 enim
2654 2008 2893 2070 notum

791 2112 826 2139 “
868 2108 990 2188 est,
1034 2106 1215 2193 quod
1258 2106 1519 2174 Priores
1562 2108 1773 2195 ponit,
1806 2113 1892 2188 et,
1939 2129 2091 2174 cum
2118 2129 2223 2173 res
2252 2107 2570 2194 exegerit,
2602 2105 2891 2195 deponit,

788 2215 823 2243 “
871 2207 1027 2296 Ipse
1069 2231 1330 2297 quoque
1372 2210 1611 2277 fratres
1656 2210 1785 2277 loci
1829 2210 2066 2277 visitat
2111 2211 2313 2276 semel
2354 2210 2430 2274 in
2474 2232 2667 2291 ann0,
2701 2214 2785 2290 et,
2832 2210 2892 2275 si

784 2319 820 2346 “
863 2333 1051 2379 ossus
1095 2334 1168 2381 se
1209 2312 1577 2401 ingesserit,
1630 2313 1895 2401 pluries.
2021 2312 2106 2379 In
2150 2313 2556 2395 visitatione,
2602 2317 2894 2401 protrae-

785 2421 822 2451 “
866 2415 1108 2483 tiorem
1180 2415 1345 2482 facit
1405 2438 1705 2500 moram3
1782 2423 1865 2483 ut
1931 2439 2020 2485 ex
2089 2416 2567 2485 deliberatione
2633 2439 2893 2484 morosa

787 2526 822 2554 “
867 2518 1076 2606 possit
1117 2518 1367 2586 mederi
1430 2520 1785 2587 animabus
1828 2520 2132 2604 infirmis,
2162 2521 2534 2609 :providere
2578 2520 2652 2586 in
2695 2520 2892 2588 rebus

783 2628 818 2658 “
862 2620 1316 2703 exterioribus
1361 2621 1421 2689 si
1464 2645 1568 2690 res
1610 2621 1712 2689 ita
1756 2622 2200 2711 disponantur
2244 2629 2321 2693 ut
2364 2621 2732 2712 expediat.”

1291 2920 1592 3009 Abjectio
1641 2920 1926 2991 Comitis
1961 2922 2369 3011 proesoripti.

868 3086 981 3152 Ad
1022 3086 1164 3154 haeo
1210 3085 1446 3154 Comes
1466 3095 1611 3169 ;—“
1635 3086 1712 3155 Si
1741 3086 2006 3155 rusticis
2049 3088 2336 3155 eeclesiae
2365 3109 2549 3165 mese,
2578 3091 2650 3153 et
2678 3086 2888 3153 homi-

783 3198 818 3226 “
863 3189 1060 3257 nibus
1105 3190 1352 3257 Prioris
1395 3192 1542 3269 mei,
1573 3191 1830 3278 aliquid
1875 3191 2001 3258 feei
2046 3193 2224 3278 quod
2266 3191 2478 3258 facere
2508 3213 2644 3257 non
2672 3190 2890 3268 debui,

783 3301 818 3327 “
861 3292 1033 3358 nihil
1092 3293 1179 3359 ad
1242 3299 1354 3377 te3
1418 3295 1586 3360 mihi
1660 3299 1731 3361 et
1805 3295 2020 3361 Priori
2087 3317 2235 3362 meo
2296 3295 2463 3361 bene
2521 3293 2889 3362 conveniet.

783 3402 820 3433 “
864 3395 968 3462 'l'u
1032 3397 1208 3462 enim
1267 3396 1341 3462 in
1403 3397 1671 3465 ecelesia
1738 3399 1821 3465 de
1863 3398 2366 3485 Wymundham
2427 3398 2684 3463 nullum
2749 3419 2887 3464 om-

778 3504 817 3536 “
860 3500 1022 3566 nino
1065 3487 1270 3566 habes
1310 3500 1693 3579 dominium,
1739 3501 1871 3566 nisi
1935 3502 2131 3588 quod,
2175 3502 2243 3567 in
2308 3502 2573 3589 signum
2635 3499 2889 3587 subjee-

781 3612 816 3640 “
857 3603 1060 3670 tionis
1108 3609 1182 3670 et
1246 3603 1514 3681 ordinis,
1581 3604 1782 3671 debet
1843 3604 1987 3683 tibi,
2052 3605 2660 3692 successoribusque
2726 3603 2882 3681 tuis,

779 3714 813 3743 “
857 3705 1048 3774 Prior
1086 3707 1214 3773 loci
1255 3707 1529 3774 reddere
1572 3728 1865 3773 annuam
1907 3729 2213 3777 maroam.
2304 3708 2380 3775 Si
2407 3707 2698 3775 volueris
2724 3706 2883 3773 visi-

776 3818 810 3845 “
851 3814 997 3878 tare
1040 3809 1276 3877 fiatres
1320 3815 1476 3876 tuos
1505 3809 1589 3877 de
1619 3809 1946 3896 Bynham‚
1980 3810 2261 3878 debetur
2294 3809 2314 3849 ¹
2336 3812 2527 3899 [tibi]
2560 3811 2636 3877 in
2664 3809 2881 3878 eundo

773 3918 812 3949 “
857 3914 1053 3981 unius
1093 3914 1326 3993 noetis,
1354 3919 1426 3980 et
1468 3913 1545 3979 in
1588 3913 1926 3980 redeundo
1970 3913 2262 3994 alterius,
2293 3914 2658 4003 hospitium
2704 3913 2881 4002 apud

777 4024 812 4053 “
857 4016 1372 4104 Wymundham,
1404 4017 1506 4082 ite,
1548 4016 1729 4104 quod
1774 4016 2124 4082 tresdecim
2166 4038 2485 4105 equorum
2529 4039 2880 4084 numerum

771 4126 809 4155 “
852 4142 989 4187 non
1017 4120 1265 4188 debent
1293 4118 1625 4197 excedere,
1655 4118 1774 4204 qui
1803 4123 1876 4184 te
1904 4119 2334 4187 comitantur.
2428 4120 2542 4186 Ita
2587 4120 2749 4186 date.
2777 4125 2880 4186 est

771 4231 810 4262 “
855 4224 1019 4291 cella
1069 4246 1112 4289 a
1157 4227 1349 4311 patre
1392 4244 1541 4288 meo
1571 4221 1829 4288 Abbati
1861 4221 2166 4305 Ricardo,
2203 4224 2409 4311 juxta
2459 4225 2641 4312 quod
2690 4230 2880 4290 taxa-

772 4332 812 4363 “
854 4332 1004 4394 tum
1047 4330 1151 4393 est
1179 4327 1254 4391 in
1284 4326 1516 4393 charta
1542 4325 1756 4413 patris
1784 4326 1917 4392 mei
1944 4349 1963 4408 ς
2006 4332 2078 4393 et
2106 4326 2207 4393 ita
2249 4327 2485 4394 faciam
2542 4326 2880 4394 observari

774 4436 810 4468 “
856 4429 1162 4496 omnibus
1206 4429 1438 4497 diebus
1480 4427 1703 4496 meis.”

906 4739 922 4775 ¹
945 4739 1176 4796 Omitted
1196 4739 1250 4792 in
1274 4738 1388 4794 MS.
1406 4740 1647 4794 Claudius
1667 4740 1712 4793 Ε
1751 4742 1821 4794 iv,
1834 4763 1847 4805 ς
1874 4743 2102 4810 supplied
2124 4744 2251 4796 stom
2275 4743 2390 4797 MS.
2414 4743 2551 4795 Nero
2574 4743 2639 4795 D.
2663 4742 2697 4797 i.
