3450 5717
1063 890 1483 943 MONASTERII
1528 890 1774 943 SANCTI
1818 889 2090 944 ALBANI.
2545 881 2674 947 415

665 1079 830 1149 Ideo
875 1085 1281 1168 praeceptum
1342 1084 1444 1146 est
1492 1080 1901 1160 Vicecomiti,
1945 1081 2124 1168 quod
2168 1082 2394 1150 venire
2436 1083 2680 1149 faceret

575 1206 617 1250 a
681 1184 788 1250 die
834 1184 1064 1251 Sancti
1111 1183 1460 1249 Trinitatis
1504 1182 1578 1248 in
1623 1184 1999 1269 quindecim
2046 1185 2187 1253 dies
2233 1186 2576 1254 duodecim
2621 1193 2681 1252 et

577 1294 826 1369 coetera,
858 1309 976 1375 per
1020 1308 1183 1374 quos
1221 1295 1282 1354 et
1331 1293 1581 1366 eceterae,
1630 1291 1699 1353 et
1746 1288 1862 1375 qui
1906 1310 2027 1355 nec
2072 1295 2132 1356 et
2176 1297 2424 1371 coetera,
2459 1291 2544 1357 ad
2580 1312 2679 1356 re-

575 1392 1094 1479 cognoscendum
1137 1391 1213 1456 in
1260 1390 1472 1456 forma
1515 1390 1850 1478 praedicta.
1944 1391 2123 1473 Quia
2167 1397 2309 1458 tam
2338 1401 2399 1460 et
2429 1400 2679 1461 coetera.

666 1495 757 1563 Et
809 1494 1026 1582 quoad
1056 1493 1429 1581 captionem
1475 1493 1814 1581 praedictae
1858 1498 2087 1581 petrae,
2131 1497 2470 1584 respondit
2516 1496 2683 1563 Wil-

575 1597 811 1665 lelmus
854 1599 936 1663 de
983 1597 1252 1684 Eycote,
1299 1601 1618 1684 tanquam
1680 1596 1970 1663 ballivus
2033 1599 2338 1685 praedicti
2382 1600 2687 1680 Abbatis,

578 1700 755 1788 quod
814 1702 1170 1787 praedictus
1232 1699 1516 1766 Michael
1575 1699 1956 1766 construxit,
2019 1702 2374 1789 quamdam
2442 1702 2686 1770 molam

574 1804 967 1884 manualem,
1017 1804 1087 1869 in
1142 1804 1607 1891 praejudicium
1653 1798 1985 1872 libertatis
2037 1806 2341 1893 praedicti
2384 1807 2689 1890 Abbatis,

577 1914 646 1975 et
690 1907 972 1975 ecclesiae
1017 1929 1196 1988 suae3
1243 1906 1422 1995 quod
1464 1906 1526 1974 ei
1570 1906 1783 1973 facere
1829 1929 1968 1974 non
2013 1908 2221 1976 licuit.
2314 1911 2487 1992 Quia
2530 1912 2687 2000 ipse,

580 2017 648 2078 et
709 2034 933 2078 omnes
993 2016 1431 2078 antecessores
1511 2010 1636 2092 sui,
1697 2012 1942 2078 molere
2002 2012 2251 2080 debent
2314 2015 2690 2082 omnimoda

579 2116 797 2194 blada,
855 2121 925 2182 et
987 2137 1245 2202 semper
1301 2115 1547 2181 molere
1607 2121 2109 2197 consueverunt,
2165 2117 2252 2184 ad
2311 2119 2691 2186 molendina

577 2221 783 2308 ipsius
812 2219 1113 2286 Abbatis.
1205 2218 1298 2285 Et
1327 2240 1477 2284 cum
1522 2217 1646 2283 hoc
1690 2218 1820 2284 sibi
1863 2219 2250 2287 intimatum
2282 2226 2470 2301 esset,
2500 2224 2690 2290 venit

579 2324 665 2389 ad
718 2322 989 2389 domum
1034 2321 1336 2409 praedicti
1386 2321 1749 2398 Michaelis
1795 2326 1865 2387 et
1895 2324 2134 2406 voluit,
2184 2329 2504 2412 tanquam
2546 2326 2691 2393 bal-

576 2427 752 2494 livus
794 2427 1000 2513 ipsius
1030 2426 1334 2506 AbbatiS,
1370 2425 1625 2491 intrare
1656 2425 1925 2491 domum
1970 2426 2174 2508 illam,
2206 2428 2294 2494 ad
2323 2429 2687 2497 videndum

576 2531 637 2596 si
680 2531 904 2616 aliqua
960 2527 1139 2593 mola
1185 2532 1355 2594 esset
1420 2527 1688 2609 ibidem,
1734 2533 1967 2594 contra
2011 2529 2389 2597 libertatem
2436 2532 2689 2599 domini

581 2634 727 2712 sui3
770 2631 949 2719 quod
991 2631 1201 2697 facere
1244 2653 1382 2697 non
1425 2631 1670 2718 potuit,
1703 2653 1781 2697 eo
1809 2631 1989 2719 quod
2020 2633 2380 2719 praediotus
2410 2635 2693 2702 Michael

582 2736 753 2801 ostia
804 2734 1038 2800 domus
1080 2733 1321 2801 clausit
1370 2737 1602 2799 contra
1670 2755 1837 2801 eum.
1948 2735 2274 2802 Attamen
2342 2738 2479 2824 ipse
2525 2739 2693 2804 Wil-

582 2839 817 2906 lelmus
878 2836 1159 2917 Lemori,
1218 2836 1414 2902 modo
1492 2859 1625 2922 quo
1702 2838 1947 2925 potuit,
2010 2842 2329 2927 tanquam
2405 2839 2692 2909 ballivus

579 2941 787 3031 ipsius
816 2940 1121 3021 Abbatis,
1169 2961 1319 3006 cum
1362 2939 1518 3005 alba
1545 2939 1737 3028 virga
1779 2947 1924 3021 sua,
1963 2946 2033 3008 et
2079 2964 2218 3010 non
2246 2946 2317 3010 vi
2363 2950 2431 3011 et
2472 2947 2690 3028 armiS,

583 3044 897 3133 quaesivit
939 3044 1306 3130 ingressum
1350 3043 1425 3107 in
1468 3042 1694 3107 eadem
1724 3067 1743 3124 3
1811 3048 1881 3110 et
1925 3044 2190 3112 invenit
2233 3046 2479 3113 ibidem
2526 3071 2692 3136 prae-

586 3150 833 3214 dictam
893 3146 1138 3212 molam
1186 3146 1495 3224 levatam,
1556 3150 1790 3212 contra
1850 3147 2230 3214 libertatem
2293 3150 2544 3216 domini
2589 3153 2688 3218 sui

583 3250 927 3339 praedicti:
992 3254 1260 3337 propter
1304 3248 1498 3335 quod,
1544 3253 1805 3336 petram
1851 3252 2254 3337 superiorem
2296 3253 2453 3318 inde
2500 3256 2693 3341 cepit,

584 3356 850 3421 nomine
896 3352 1342 3419 districtionis,
1432 3351 1565 3418 Sed
1618 3352 1798 3439 quod
1825 3352 1964 3439 ipse
2012 3351 2312 3433 Michael,
2354 3360 2424 3421 et
2468 3379 2694 3423 omnes

586 3464 1023 3524 antecessores
1053 3456 1173 3535 sui,
1220 3476 1560 3541 nunquam
1604 3454 1985 3522 habuerunt
2014 3456 2302 3544 aliquam
2331 3458 2571 3525 molam
2619 3462 2694 3526 in

589 3561 782 3627 domo
829 3580 965 3639 sua,
1021 3557 1109 3623 ad
1156 3557 1537 3623 molendum
1585 3556 1854 3644 aliquod
1898 3558 2190 3638 bladum,
2236 3561 2368 3626 nisi
2412 3561 2578 3628 clam
2625 3568 2694 3628 et

587 3664 856 3744 furtive,
907 3666 977 3728 et
1042 3662 1203 3749 ipsis
1255 3659 1524 3726 ballivis
1575 3661 2056 3748 ignorantibus,
2107 3683 2227 3729 nec
2278 3664 2522 3732 habere
2583 3666 2693 3732 de·

585 3768 794 3846 bent3
862 3765 1082 3842 immo,
1130 3764 1353 3829 omnia
1398 3763 1601 3829 blada
1645 3785 1767 3828 sua
1813 3765 2055 3830 molere
2106 3766 2366 3849 debent,
2422 3773 2492 3834 et
2543 3790 2694 3834 con-

588 3872 965 3946 sueverunt,
1007 3867 1096 3932 ad
1139 3866 1517 3933 molendina
1560 3866 1868 3954 praedicti
1911 3868 2196 3935 Abbatis
2216 3877 2581 3957 3—ponunt
2624 3894 2695 3941 se

589 3994 783 4059 super
825 3971 1133 4057 patriam.

682 4076 775 4140 Et
804 4072 1089 4139 Michael
1132 4071 1294 4138 dicit
1342 4072 1522 4159 quod
1566 4071 1723 4158 ipse,
1770 4077 1840 4139 et
1883 4078 2323 4142 antecessores
2367 4078 2490 4157 sui,
2536 4084 2697 4145 sunt

590 4179 743 4244 talis
787 4175 1182 4241 conditionis
1229 4175 1403 4261 quod
1454 4175 1698 4241 molere
1752 4175 2015 4258 debent,
2077 4183 2146 4244 et
2193 4180 2423 4260 solent,
2477 4183 2698 4249 omnia

591 4281 790 4348 blada
840 4302 975 4358 sua,
1047 4279 1421 4364 ubicunque
1465 4278 1595 4343 sibi
1656 4279 2024 4366 placuerit3
2092 4286 2161 4347 et
2206 4285 2491 4351 maxime
2535 4287 2696 4353 sole-

592 4385 759 4451 bant
791 4381 1033 4448 molere
1077 4380 1165 4446 ad
1194 4381 1573 4448 molendina
1619 4382 1700 4447 de
1732 4382 2053 4448 Toreham
2084 4389 2153 4450 et
2193 4385 2698 4472 Wethamstede,

593 4509 711 4576 pro
769 4484 1122 4551 voluntate
1173 4506 1313 4561 sua,
1372 4489 1441 4550 et
1492 4483 1736 4549 molam
1804 4484 1877 4549 in
1929 4486 2122 4552 domo
2167 4509 2289 4554 sua
2333 4488 2591 4571 habere,
2640 4496 2698 4559 si

591 4588 949 4656 voluerint.
1083 4586 1174 4652 Et
1251 4586 1332 4652 de
1399 4586 1524 4652 hoc
1582 4587 1776 4673 ponit
1838 4608 1908 4653 se
1966 4610 2164 4678 super
2224 4593 2569 4678 patriam;
2629 4604 2699 4664 et

594 4693 823 4759 Abbas
867 4696 937 4757 et
980 4690 1100 4755 alii
1146 4690 1466 4759 similiter.

685 4795 850 4862 Ideo
911 4784 1315 4882 praeceptum
1363 4798 1467 4861 est
1512 4793 1921 4879 Vicecomiti,
1969 4797 2145 4885 quod
2190 4800 2417 4868 venire
2459 4804 2703 4873 faceret

2769 1081 2955 1147 Roget,

2802 1151 2922 1200 24th

2770 1218 2962 1278 Abbot,

2793 1284 2930 1335 A.D.

2745 1355 2768 1401 1
2778 1357 2934 1400 zuo-9
2941 1358 2987 1408 Ο.

2796 1446 2930 1458 —-
