3450 5717
662 754 668 775 Ι
730 807 859 870 206
1485 819 1699 872 essm
1742 778 2067 873 Anum

457 1018 653 1082 warin,
735 1010 920 1096 tyris,
984 1014 1054 1077 et
1129 1009 1339 1076 trium
1399 1011 1722 1078 sociorum
1798 1012 2116 1099 ejusdem,
2193 1012 2328 1101 qui,
2408 1012 2610 1078 simul
2674 1034 2826 1080 con-

457 1087 650 1214 ἒξζὴοΐ,
730 1113 992 1201 sepulti,
1037 1113 1294 1179 inventi
1339 1118 1516 1192 sunt,
1561 1112 1843 1201 singulae
1888 1116 1961 1180 in
2005 1114 2284 1203 singulis
2328 1115 2650 1204 ligaturis.

429 1216 658 1338 11251255
823 1215 908 1281 In
983 1216 1237 1302 reliqua
1310 1238 1468 1283 vero
1542 1220 1754 1303 parte,
1829 1217 2124 1304 reliquiae
2214 1239 2334 1284 sex
2424 1218 2829 1306 reliquorum

487 1380 623 1394 —,
733 1318 1055 1384 sociorum
1098 1317 1406 1404 ejusdem,
1452 1339 1732 1406 quorum
1778 1319 2135 1406 sepulturae
2181 1340 2472 1387 seorsum
2534 1321 2827 1387 inventae

389 1419 533 1537 ἓξὲξ
547 1421 604 1471 of
615 1420 707 1538 {he
731 1425 906 1499 sunt,
950 1420 1229 1509 singulae
1273 1421 1347 1487 in
1390 1420 1671 1509 singulis
1715 1418 2021 1509 ligaturis
2051 1420 2396 1512 colligatae.
2487 1422 2575 1489 In
2602 1420 2830 1490 locello

392 1552 466 1604 St.
489 1502 616 1605 {2ss
732 1530 956 1591 autem
999 1524 1115 1590 ino
1161 1524 1278 1615 qui
1322 1525 1631 1612 praefatas
1689 1524 2003 1612 reliquias
2070 1525 2476 1606 continebat,
2534 1524 2829 1614 aliquan-

389 1620 627 1738 ffibffl·
732 1628 879 1694 tula
920 1626 1138 1716 portio
1184 1626 1538 1695 earundem
1583 1622 2015 1714 reliquiarum
2058 1628 2394 1707 remansit,
2439 1624 2637 1695 simul
2680 1650 2829 1694 cum

388 1753 597 1807 sellom.
732 1731 944 1798 multa
1003 1730 1481 1797 numerositate
1551 1729 1991 1818 corporalium
2035 1737 2490 1815 venustorum,
2548 1752 2697 1819 quae
2741 1731 2825 1798 ob

729 1835 834 1900 sui
878 1828 1360 1900 ¹reverentiam
1403 1833 1680 1899 honeste
1722 1831 1821 1898 ibi
1866 1830 2184 1900 collocata
2227 1838 2404 1901 sunt.
2500 1834 2624 1901 Ille
2668 1856 2829 1922 quo·

724 1957 852 2024 que
924 1936 1208 2018 locellus,
1278 1958 1426 2002 cum
1499 1935 1632 2001 alio
1707 1934 2049 2016 consimili,
2134 1936 2208 2001 in
2272 1936 2550 2003 dextera
2638 1940 2828 2025 parte

721 2038 986 2127 majoris
1037 2038 1270 2106 altaris
1323 2038 1399 2104 in
1447 2037 1862 2126 presbyterio
1914 2058 2109 2129 super
2165 2058 2431 2106 murum
2478 2039 2830 2106 collocatus

725 2145 841 2209 est.
951 2138 1039 2207 In
1106 2141 1340 2230 prim0,
1418 2146 1575 2208 sunt
1638 2138 2005 2229 praedicta3
2098 2138 2173 2207 in
2246 2141 2396 2223 alio,
2467 2138 2689 2230 pulvis
2761 2146 2830 2208 et

726 2244 972 2311 ossium
1059 2244 1402 2333 particulae
1477 2244 1958 2324 minutissimae,
2035 2242 2132 2331 (in
2218 2264 2415 2333 quem
2492 2245 2827 2334 pulverem

727 2370 951 2415 carnes
995 2351 1370 2428 sanctorum
1416 2346 1796 2434 Martyrum
1843 2346 2137 2414 creditur
2207 2344 2409 2415 fuisse
2492 2346 2831 2429 resolutae,

727 2474 884 2517 nam
925 2450 1001 2517 in
1059 2470 1285 2518 eorum
1347 2450 1679 2539 sepulcris,
1740 2472 1888 2517 cum
1954 2450 2228 2532 ossibus,
2294 2446 2613 2519 inventus
2680 2450 2834 2535 est‚)

727 2554 756 2594 ²
777 2552 1132 2643 reponitur.

934 2768 1289 2836 Statutum
1335 2766 1418 2835 de
1459 2765 1974 2836 Anniverscwio
2018 2767 2198 2835 Adae
2246 2766 2624 2838 Calceum-2:113.

391 2928 689 2982 Eumenem
824 2917 1171 2984 Statutum
1221 2919 1325 2983 est
1391 2915 1477 2983 ab
1544 2915 1816 2985 Abbate
1891 2916 2159 2998 GarinO,
2225 2922 2296 2985 et
2366 2941 2409 2985 a
2470 2922 2618 2987 toto
2683 2916 2834 2985 con-

391 2996 646 3116 ffi‘ssg,
734 3024 960 3100 ventu,
1033 3024 1115 3087 ut
1194 3018 1268 3084 in
1344 3014 1452 3085 die
1532 3040 1663 3106 quo
1722 3018 2271 3089 Anniversarium
2355 3018 2543 3105 Adae,
2634 3018 2834 3109 hujus

391 3133 510 3197 sdry
532 3132 594 3183 of
734 3121 1021 3189 ecclesiae
1096 3120 1454 3202 Cellerarii,
1537 3120 1706 3209 (qui,
1761 3121 1846 3188 ob
1893 3123 2212 3210 praeclara
2263 3122 2405 3212 ejus
2455 3124 2712 3204 merita,
2759 3126 2833 3190 in

390 3197 673 3316 ἆῆῗζεζὴθ
736 3223 1047 3313 Capitulo
1127 3223 1374 3291 meruit
1432 3222 1732 3291 obtinere
1795 3224 2255 3313 sepulturam,)
2318 3227 2829 3316 pronunciatum

394 3331 524 3381 shall
544 3333 610 3382 be
731 3327 950 3408 fuerit,
1016 3326 1119 3394 ita
1170 3325 1353 3394 omni
1434 3348 1610 3394 anno
1664 3326 1968 3394 omnibus
2033 3324 2272 3395 festive
2341 3335 2595 3417 agatur,
2660 3329 2834 3396 sicut

389 3399 711 3518 &3¹:53ss
733 3432 901 3498 solet
949 3426 1290 3497 honestius
1335 3434 1402 3496 et
1448 3428 1899 3497 honorabilius
1944 3428 2019 3495 in
2067 3428 2560 3498 Anniversariis
2606 3428 2833 3498 Abba-

388 3547 682 3650 ffifflnffiffl
733 3539 882 3601 tum
932 3538 1311 3600 nostrorum
1364 3532 1549 3613 fleri3
1613 3528 1943 3613 videlicet,
1987 3532 2063 3598 in
2102 3530 2399 3614 Psalmis,
2458 3533 2533 3601 in
2594 3532 2829 3615 Missis,

391 3614 608 3717 Αζῖῖω,
683 3615 712 3650 ⁹
734 3642 803 3704 et
851 3635 1252 3725 pauperibus
1300 3632 1682 3701 recreandis.
1804 3635 1984 3702 Huic
2026 3626 2500 3704 Anniversario
2548 3636 2830 3704 Cellera-

730 3740 870 3807 rius
937 3738 1234 3826 coquinae
1307 3737 1777 3804 monachorum
1832 3758 1910 3804 ea
1956 3759 2106 3826 quae
2158 3739 2524 3807 necessaria
2578 3739 2826 3807 fuerint

726 3842 1122 3932 providebit,
1164 3839 1427 3919 scilicet,
1478 3838 1908 3906 sufficientem
1948 3845 2020 3906 et
2062 3840 2475 3927 splendidam
2525 3863 2806 3910 conven-

724 3945 833 4013 tui
879 3945 954 4011 in
1002 3942 1345 4010 refectorio
1375 3940 1863 4011 exhibitionem.
1957 3940 2533 4031 Eleemosynarius
2563 3940 2670 4011 die
2698 3942 2815 4011 illa

726 4053 992 4117 centum
1058 4067 1375 4137 pauperes
1438 4067 1556 4135 pro
1624 4046 1848 4111 anima
1899 4044 2043 4133 ejus
2098 4051 2339 4135 pascet,
2400 4047 2815 4136 totidemque

731 4152 1125 4223 Cellararius
1176 4151 1475 4239 coquinae
1521 4150 2010 4219 monachorum.
2110 4173 2123 4213 .-

396 4269 506 4323 The
519 4270 710 4323 church
822 4255 1109 4325 Ecclesia
1152 4252 1380 4342 itaque
1431 4252 1514 4320 de
1565 4252 1911 4321 Suthbiria
1973 4254 2061 4319 ad
2110 4254 2233 4321 hoc
2274 4250 2821 4324 Anniversarium

396 4338 454 4389 of
470 4338 711 4406 Suthbiry
734 4359 1210 4438 celebrandum,
1260 4378 1517 4425 necnon
1568 4356 1771 4423 etiam
1822 4357 1911 4423 ad
1961 4357 2131 4424 illud
2179 4360 2358 4447 quod
2406 4384 2525 4449 pro
2572 4363 2823 4430 anima-

391 4412 473 4522 ἓξ·
489 4414 632 4525 ῗέἒη
735 4467 859 4533 bus
941 4464 1152 4552 patris
1227 4466 1298 4529 et
1371 4459 1606 4528 matris
1687 4460 1844 4548 ejus
1939 4465 2009 4527 et
2083 4463 2376 4529 omnium
2457 4472 2831 4553 parentum,

799 4678 817 4711 ¹
839 4676 1112 4728 reverentia
1145 4674 1200 4725 in
1235 4672 1350 4726 MS.
1388 4671 1633 4726 claudius
1673 4672 1737 4725 Ε.
1886 4672 1908 4705 ²
1932 4674 2018 4726 Sic
2039 4674 2095 4724 in
2114 4673 2307 4738 MSS.;
2341 4676 2595 4744 correctly
2636 4680 2829 4745 “repo-

733 4760 821 4821 ἰῇ,
841 4759 912 4822 by
932 4755 1297 4807 hudmtmce.
1825 4756 1855 4784 ‘⁴
1882 4754 2116 4805 uantur?
