3450 5717
1345 826 1695 879 Arrsrmlx
1746 818 1866 901 (D).
2534 822 2668 893 51⁶7

569 1011 608 1037 ‘⁶
644 1010 774 1074 hoc,
834 1016 894 1067 et
942 1012 1379 1079 deliberatione,
1433 1014 1635 1071 habita
1687 1016 1981 1088 diligenti,
2040 1025 2101 1073 et
2153 1019 2421 1091 Spiritus
2461 1021 2663 1080 Sancti

569 1096 606 1120 “
648 1095 841 1165 gratia
870 1096 1156 1162 invocata,
1183 1098 1467 1156 dilectum
1491 1100 1697 1166 filium,
1725 1100 1996 1158 Fratrem
2022 1103 2062 1158 J
2063 1103 2348 1160 ohannem
2386 1104 2459 1161 de
2486 1108 2665 1165 Hert-

569 1180 606 1204 “
647 1178 795 1244 ford,
845 1180 1113 1251 ejusdem
1158 1181 1504 1240 Monasterii
1557 1184 1928 1250 monachum,
1985 1187 2202 1253 virum,
2257 1196 2323 1245 ut·
2373 1199 2663 1256 asserunt,

568 1263 607 1287 “
644 1263 954 1334 providum
991 1270 1051 1320 et
1084 1264 1422 1331 discretum,
1475 1285 1542 1322 ac
1592 1268 1655 1322 in
1703 1269 2109 1340 spiritualibus
2148 1278 2208 1328 et
2242 1275 2662 1344 temporalibus

567 1347 606 1371 ‘⁸
644 1346 1153 1419 circumspectum,
1195 1356 1255 1406 et
1303 1368 1438 1405 cum
1489 1351 1574 1406 eis
1628 1369 1663 1406 a
1712 1370 1896 1422 puero
1945 1354 2320 1413 laudabiliter
2356 1375 2662 1415 conversa-

568 1432 605 1456 “
643 1435 789 1496 tum,
832 1432 894 1486 in
913 1430 1205 1489 Abbatem
1242 1452 1463 1499 eorum,
1504 1440 1565 1490 et
1602 1442 1850 1507 patrem,
1892 1438 2255 1495 concorditer
2291 1448 2353 1496 et
2387 1443 2660 1498 canonice

566 1514 604 1539 “
643 1514 966 1586 elegerunt.
1042 1516 1303 1586 Quorum
1339 1518 1702 1583 electionem,
1743 1520 2083 1576 solemniter
2118 1523 2494 1593 publicatam,
2534 1528 2663 1581 uni-

565 1598 603 1624 “
641 1599 799 1653 versi
837 1606 896 1655 et
932 1598 1153 1671 singuli
1189 1602 1592 1672 approbantes,
1619 1604 1787 1659 nobis
1823 1622 1930 1676 per
1954 1604 2199 1661 dilectos
2225 1608 2394 1672 filios,
2422 1609 2659 1665 Fratres

565 1683 602 1708 “
641 1680 1034 1752 Reginaldum
1086 1689 1145 1738 et
1191 1685 1525 1752 Nicolaum,
1584 1688 1897 1744 monachos
1954 1695 2013 1744 et
2081 1692 2326 1746 nuncios
2378 1710 2534 1758 suos,
2593 1711 2659 1748 ac

563 1768 601 1791 “
640 1764 886 1830 litteras,
939 1767 1243 1824 humiliter
1302 1770 1799 1842 supplicaverunt,
1881 1778 1950 1827 ut
2023 1790 2159 1828 cum
2232 1791 2338 1845 per
2410 1776 2660 1831 eundem

563 1851 601 1875 “
642 1848 682 1902 J
683 1849 968 1905 ohannem
1006 1852 1217 1922 gratiae
1254 1852 1370 1924 ipsi
1405 1853 1768 1909 Monasterio
1803 1855 1867 1910 in
1903 1856 2308 1927 spiritualibus
2346 1864 2406 1913 et
2439 1864 2661 1932 tempo·

562 1935 598 1959 “
638 1933 859 1989 ralibus
897 1935 1260 1991 incrementa
1292 1944 1687 2008 sperarentur,
1729 1945 1966 1994 auctore
2004 1938 2146 2005 Dec,
2188 1948 2560 2012 proventura,
2601 1950 2662 1999 et

560 2020 599 2043 “
637 2019 817 2074 rectis
852 2019 1334 2089 dispositionibus
1369 2021 1514 2081 nihil
1546 2021 1757 2076 debeat
1779 2021 2139 2079 difficultatis
2176 2024 2392 2090 afferri,
2427 2027 2660 2081 electio-

560 2103 599 2127 “
637 2119 770 2156 nem
805 2102 1144 2173 hujusmodi
1184 2104 1525 2159 confirmare
1563 2105 1635 2160 de
1685 2106 2047 2178 benignitate
2088 2107 2260 2163 Sedis
2298 2108 2657 2181 Apostolicae

561 2187 598 2211 ‘⁶
638 2184 1034 2256 dignaremur.
1112 2186 1279 2243 Licet
1315 2189 1501 2259 igitur
1526 2190 1795 2260 proedicti
1832 2190 2036 2246 nuncii
2063 2191 2316 2248 sollicite
2344 2210 2522 2264 super
2545 2195 2657 2250 hoc

561 2271 598 2294 “
637 2268 980 2334 institerint,
1001 2278 1062 2326 et
1083 2272 1422 2343 prudenter,
1449 2280 1509 2329 et
1530 2292 1637 2330 nos
1662 2292 1771 2345 pro
1795 2274 2000 2329 eodem
2023 2274 2383 2331 Monasterio
2407 2276 2658 2332 libenter

561 2354 600 2379 “
638 2353 796 2424 quod
860 2372 996 2409 cum
1045 2354 1169 2410 Deo
1237 2374 1550 2428 possumus
1600 2358 1794 2412 facere
1861 2357 2249 2424 intendentes,
2313 2361 2656 2417 electionem

560 2439 598 2462 “
636 2436 824 2508 ipsam
863 2439 1267 2504 examinatam,
1295 2445 1472 2512 prout
1507 2441 1800 2507 convenit,
1841 2442 2177 2513 diligenter,
2211 2444 2546 2499 canonicam
2571 2445 2657 2499 in-

559 2522 596 2545 “
636 2522 989 2588 venerimus,
1014 2523 1206 2594 quoad
1241 2524 1526 2591 formam;
1586 2526 1727 2596 quia
1772 2531 1968 2581 tamen
2011 2526 2084 2581 de
2120 2544 2383 2598 personae
2425 2528 2655 2585 meritis

559 2607 596 2631 ‘⁶
636 2605 869 2676 plenam
892 2607 1161 2663 notitiam
1184 2626 1299 2663 non
1321 2608 1627 2674 habemus,
1657 2610 2013 2665 fraternitati
2037 2618 2250 2665 vestrae
2275 2629 2381 2683 per
2404 2611 2652 2683 Aposto-

556 2693 595 2718 “
635 2690 752 2745 lica
789 2691 1010 2762 scripta
1051 2692 1414 2758 mandamus,
1455 2702 1743 2764 quatenus
1768 2711 1900 2764 quae
1940 2693 2098 2749 circa
2137 2695 2309 2750 electi
2345 2712 2653 2767 personam

558 2777 594 2800 “
635 2774 985 2845 inquirenda
1025 2776 1260 2840 fuerint,
1297 2777 1549 2832 sollicite
1586 2778 1972 2849 inquirentes,
2009 2779 2061 2834 si
2099 2796 2230 2835 eam
2272 2780 2653 2835 sufficientem

558 2857 595 2880 “
636 2855 974 2911 inveneritis
1036 2856 1110 2911 ad
1169 2856 1434 2927 ejusdem
1482 2857 1830 2913 Monasterii
1887 2859 2151 2929 regimen
2213 2859 2646 2925 assumendum,

557 2941 594 2964 “
632 2941 996 3010 praemissam
1056 2940 1400 2996 electionem
1467 2942 1815 2997 auctoritate
1861 2942 2203 3013 Apostolica
2259 2942 2646 3008 confirmetis3

557 3025 594 3048 “
635 3029 695 3077 et
729 3024 914 3078 electo
937 3023 1166 3079 faciatis
1203 3023 1395 3079 eidem
1431 3025 1826 3081 obedientiam
1863 3032 1924 3080 et
1960 3027 2350 3081 reverentiam
2393 3027 2651 3083 debitam

557 3109 594 3133 “
635 3106 915 3172 exhiberi,
979 3125 1047 3163 ac
1093 3124 1308 3163 munus
1367 3109 1792 3164 benedictionis
1858 3108 2162 3179 impendi3
2229 3112 2526 3181 recepturi
2575 3111 2648 3166 ab

557 3194 592 3217 “
634 3208 703 3245 eo
739 3190 1128 3261 postmodum,
1161 3208 1268 3262 pro
1304 3191 1473 3247 nobis
1499 3195 1559 3246 et
1587 3192 1853 3247 Romana
1874 3191 2160 3255 Ecclesia,
2202 3192 2503 3250 fidelitatis
2535 3196 2650 3249 sol-

555 3277 594 3300 “
632 3273 811 3329 licitae
869 3273 1291 3344 juramentum,
1336 3274 1509 3347 juxta
1560 3274 1811 3330 formam
1877 3292 2054 3345 quam
2101 3275 2268 3330 vobis
2316 3277 2426 3333 sub
2474 3277 2650 3333 Bulla

556 3361 594 3385 “
631 3369 834 3414 nostra
890 3360 1180 3414 mittimus
1239 3359 1635 3414 interclusam.
1733 3357 2033 3428 Alioquin,
2087 3376 2156 3413 ea
2226 3360 2342 3416 rite
2401 3366 2644 3426 cassata,

558 3446 595 3468 ‘⁴
635 3442 865 3498 faciatis
908 3442 1066 3498 dicto
1108 3441 1468 3498 Monasterio
1505 3442 1579 3497 de
1618 3460 1870 3514 persona
1916 3441 2124 3497 idonea
2158 3456 2264 3513 per
2305 3443 2647 3499 electionem

555 3531 591 3554 “
632 3526 968 3582 canonicam
1011 3526 1327 3598 provideri,
1366 3525 1819 3582 contradictores
1852 3543 1958 3597 per
1996 3543 2303 3581 censuram
2345 3528 2647 3583 ecclesias-

554 3616 590 3639 “
631 3613 828 3675 ticam,
854 3609 1242 3682 appellatione
1265 3611 1608 3682 postposita,
1637 3609 2075 3681 compescendo,
2151 3609 2424 3666 Formam
2450 3617 2646 3667 autem

552 3699 590 3723 ‘⁸
622 3695 964 3768 juramenti,
1010 3695 1167 3767 quod
1207 3696 1333 3768 ipse
1370 3696 1676 3767 praestabit
1712 3695 1881 3751 nobis
1924 3694 1997 3750 de
2038 3694 2217 3749 verbo
2260 3694 2336 3749 ad
2374 3695 2640 3760 verbum,

554 3784 590 3807 ‘⁸
628 3797 736 3851 per
784 3780 914 3851 ejus
961 3787 1229 3851 patentes
1278 3780 1529 3844 litteras,
1573 3797 1678 3835 suo
1731 3778 1933 3850 sigillo
1981 3779 2260 3850 signatas,
2303 3797 2477 3850 quam
2527 3782 2643 3834 cito

552 3868 589 3892 ‘⁴
627 3864 918 3936 poteritis,
969 3881 1075 3934 per
1136 3865 1441 3935 proprium
1506 3864 1788 3919 nuncium
1846 3862 2276 3918 transmittatis
2360 3862 2544 3931 Quod
2591 3864 2643 3918 si

552 3951 590 3975 ‘⁶
627 3965 743 4002 non
791 3948 960 4003 ambo
1000 3948 1094 4004 his
1138 3947 1491 4018 exequendis
1527 3947 1838 4020 potueritis
1874 3947 2178 4011 interesse,
2207 3947 2356 4002 alter
2379 3953 2645 4004 vest-rum

552 4036 589 4059 “
628 4031 1008 4088 nihilominus
1049 4038 1391 4104 exequatur.
1468 4031 1689 4087 Datum
1726 4031 1982 4095 Perusii,
2024 4034 2074 4086 et
2098 4030 2352 4086 ooetera.”

687 4147 930 4203 Reditus
965 4148 1321 4212 nunciorum,
1360 4153 1411 4203 et
1446 4147 1746 4203 benedictio
1781 4147 2010 4202 Abbatis
2048 4146 2247 4204 Sancti
2282 4146 2509 4202 Albani.

617 4253 956 4326 Impetratis
1004 4261 1201 4309 autem
1246 4254 1341 4309 his
1390 4253 1625 4318 litteris,
1678 4271 1812 4309 cum
1851 4253 1981 4308 aliis
2025 4253 2133 4309 sub
2187 4253 2365 4308 Bulla
2400 4252 2634 4315 clausis,

548 4338 797 4395 salutato
833 4338 1085 4393 Domino
1122 4338 1285 4410 Papa
1323 4344 1383 4393 et
1419 4338 1721 4402 fratribus,
1749 4355 1973 4393 necnon
2015 4343 2076 4393 et
2110 4336 2411 4407 respectis,
2450 4335 2639 4390 redie-

546 4427 684 4477 runt
719 4423 919 4479 nuncii
969 4421 1238 4494 praedicti
1293 4439 1427 4477 cum
1465 4422 1876 4494 prosperitate,
1916 4426 2050 4493 post
2085 4437 2309 4476 moram
2348 4420 2409 4474 in
2457 4418 2639 4477 Curia

545 4507 758 4562 factam
800 4525 906 4579 per
945 4505 1278 4579 quindecim
1317 4505 1462 4562 dies.

615 4590 939 4663 Episcopus
996 4596 1191 4647 autem
1240 4590 1256 4622 ¹
1279 4589 1682 4655 Londinensis‚
1739 4589 1854 4645 alio
1910 4605 1974 4644 se
2029 4592 2359 4653 excusante,
2404 4585 2637 4641 manda-

610 4748 628 4781 ¹
651 4750 703 4799 A
727 4748 924 4803 clerical
946 4764 1098 4812 error,
1121 4750 1200 4801 for
1222 4748 1540 4809 “Elimia”
1635 4747 1898 4809 narrative,
1945 4747 2000 4796 in
2042 4746 2128 4797 the
2170 4754 2296 4797 next
2324 4762 2469 4811 page,
2502 4745 2635 4796 from

546 4845 603 4880 as
636 4844 752 4880 seen
790 4828 846 4879 in
867 4830 954 4879 the
980 4830 1323 4881 continuation
1369 4829 1431 4884 of
1457 4829 1543 4881 the
1635 4828 1721 4881 the
1743 4834 1854 4878 text
1874 4826 1934 4877 of
1948 4826 2061 4877 MS.
2084 4826 2220 4877 Nero
2243 4827 2311 4878 D.
2333 4825 2368 4877 i.

2142 4922 2196 4972 K
2225 4921 2279 4971 Κ
2325 4914 2364 4974 3
