3450 5717
1093 798 1521 852 uonssmnn
1565 795 1812 848 emon
1855 794 2131 846 ALBANL
2538 782 2666 845 335

558 1000 594 1030 “
642 992 751 1059 die
794 989 998 1078 litigii
1028 985 1463 1075 praecedente,
1513 986 1601 1051 ad
1638 987 1813 1073 juris
1856 986 1962 1050 sui
2011 983 2455 1050 defensionem
2497 981 2676 1069 quod
2726 982 2868 1072 {olm
2889 981 2980 1046 11„

510 1187 517 1194 ι
558 1101 598 1132 “
640 1093 892 1162 habent
935 1093 1012 1157 in
1056 1090 1326 1157 ecclesia
1369 1093 1754 1166 memorata,
1798 1087 2092 1153 rationes
2157 1085 2377 1173 plures
2437 1107 2672 1172 propo·
2753 1051 2943 1174 ffibrfft,

561 1203 599 1234 “
644 1197 900 1274 suisset,
977 1215 1055 1260 ac
1128 1193 1590 1271 instrumenta,
1671 1191 2111 1270 munimenta,
2186 1193 2255 1254 et
2325 1188 2675 1274 privilegia
2785 1183 2921 1236 ΑΒ·

561 1304 596 1334 “
643 1296 1047 1385 Apostolica,
1101 1317 1250 1381 quae
1294 1294 1715 1381 allegaverat,
1763 1292 2195 1372 exhibuisset,
2227 1290 2676 1369 nihilominus,
2734 1255 2977 1357 ufjfo‘

566 1407 598 1437 “
646 1401 733 1466 ad
807 1397 1256 1465 defensionem
1325 1397 1498 1482 juris
1575 1395 1856 1483 praefati,
1933 1399 2077 1459 tam
2153 1391 2442 1457 rationes
2515 1392 2678 1458 alias

563 1509 597 1539 ‘⁴
641 1501 998 1589 proposuit,
1044 1521 1245 1586 quam
1290 1498 1422 1563 alia
1469 1498 1930 1575 instrumenta,
1970 1495 2398 1573 munimenta,
2433 1499 2503 1559 et
2547 1494 2681 1579 pri-

564 1612 597 1639 “
640 1604 881 1691 vilegia
947 1599 1343 1690 Apostolica,
1412 1623 1559 1686 quae
1622 1600 1826 1665 iidem
1871 1596 2099 1664 Abbas
2162 1601 2233 1663 et
2296 1596 2680 1664 Conventus

567 1718 599 1745 “
647 1707 957 1775 obtinent
1001 1728 1198 1794 super
1245 1705 1518 1772 ecclesia
1579 1704 1980 1791 supradicta,
2043 1725 2191 1790 quae
2236 1702 2325 1767 ad
2367 1702 2682 1786 majorem

567 1820 601 1846 “
644 1809 1112 1877 certitudinem
1201 1831 1277 1874 ac
1368 1807 1747 1873 uberiorem
1837 1806 2264 1871 securitatem
2346 1803 2682 1890 allegavit,

568 1919 601 1948 “
646 1911 952 1979 ostendit.
1077 1905 1335 1991 Quibus
1411 1908 1747 1998 inspectis,
1824 1905 2198 1985 intellectis,
2274 1927 2348 1972 ac
2423 1904 2683 1992 plenius

568 2021 603 2048 “
644 2011 1042 2110 ponderatis,
1089 2029 1239 2077 cum
1312 2011 1525 2077 eidem
1606 2009 1927 2097 Magistro
1995 2007 2193 2074 Petro
2255 2005 2685 2074 nihilominus

570 2123 603 2151 “
648 2119 983 2181 constaret
1027 2114 1206 2201 quod
1252 2113 1530 2179 eandem
1576 2110 1912 2178 ecclesiam
1953 2131 1994 2177 a
2036 2109 2252 2197 longis
2295 2111 2472 2176 retro
2515 2114 2682 2176 tem-

570 2223 605 2254 ”
649 2215 918 2305 poribus
962 2215 1037 2280 in
1079 2233 1241 2280 usus
1285 2211 1585 2302 proprios
1633 2212 2077 2281 obtinuissent
2120 2209 2348 2278 Abbas
2393 2217 2463 2277 et
2507 2211 2681 2277 Con-

570 2325 606 2357 “
650 2324 895 2386 ventus
939 2315 1218 2407 praefati,
1263 2319 1556 2405 ipsorum
1604 2305 2106 2382 Procuratorem
2165 2313 2552 2402 praedictum
2597 2314 2682 2379 ab

571 2427 607 2457 “
652 2413 1072 2509 impetitione
1117 2411 1282 2485 dicti
1328 2417 1639 2506 Magistri
1669 2411 2009 2496 willelmi,
2055 2411 2506 2482 Procuratoris
2550 2413 2688 2482 Do-

575 2531 611 2560 “
654 2523 822 2589 mini
866 2522 914 2588 J
917 2515 1216 2602 ohanniS,
1265 2519 1587 2589 Canonici
1650 2519 2092 2599 Aurealensis‚
2156 2517 2376 2605 quoad
2442 2515 2687 2584 dictam

575 2631 611 2661 “
656 2625 992 2691 ecclesiam
1037 2623 1232 2690 Beati
1276 2623 1479 2703 Petri,
1526 2622 2020 2688 sententialiter
2065 2620 2354 2687 absolvit
2381 2643 2399 2701 3
2473 2620 2688 2687 eidem

575 2735 612 2765 “
653 2749 850 2816 super
891 2723 1050 2815 ipsa,
1095 2721 1368 2793 nomine
1414 2723 1675 2792 domini
1720 2724 1842 2804 sui,
1908 2730 2299 2813 perpetuum
2345 2723 2684 2789 silentium

576 2833 611 2866 ‘⁸
655 2825 1069 2917 imponendo.
1179 2825 1269 2895 Et
1315 2843 1465 2894 eum
1515 2827 1874 2915 praedictus
1919 2826 2311 2892 Procurator
2360 2829 2688 2913 protesta-
2715 2824 2836 2903 Anu
2855 2824 2948 2875 im-

577 2941 613 2968 “
656 2936 769 2999 tus
811 2932 1046 2998 fuisset
1108 2952 1179 2998 se
1245 2930 1417 2997 velle
1461 2928 1770 3016 prosequi
1814 2931 2044 2995 contra
2104 2949 2231 3008 eOS,
2297 2927 2515 3015 quoad
2557 2928 2690 2994 alia
2713 2907 2906 3010 ξξῖῗέἔθ
2928 2974 2983 3009 as

579 3041 615 3069 ‘³
656 3027 993 3112 beneficia,
1054 3051 1203 3121 quse
1268 3029 1343 3100 in
1407 3031 1708 3119 proprios
1776 3051 1935 3097 usus
2001 3027 2267 3110 habent,
2334 3031 2688 3118 praedictus
2717 3033 2772 3075 ‘0
2794 3026 3029 3078 ⁸110th01·

579 3141 615 3172 “
660 3135 1053 3202 Procurator
1096 3131 1386 3201 Abbatis
1431 3138 1500 3200 et
1548 3134 1936 3200 Conventus
1982 3133 2211 3199 Sancti
2273 3131 2538 3213 Albani,
2603 3134 2690 3198 ad
2714 3092 2963 3224 megale?

572 3243 608 3274 ‘⁸
653 3237 875 3304 omnia
919 3233 1053 3304 alia
1104 3231 1314 3303 etiam
1347 3233 1670 3303 beneficia
1715 3257 1843 3301 sua
1888 3234 2016 3300 sibi
2061 3237 2487 3323 appropriata
2532 3235 2690 3301 Pro·
2714 3224 2989 3341 &381⁸ss
3013 3229 3032 3248 ¹

582 3345 618 3376 “
661 3342 927 3407 curator
970 3335 1266 3428 legitime
1310 3337 1734 3416 constitutus,
1780 3335 1865 3402 ad
1909 3335 2263 3403 tuitionem
2299 3333 2471 3422 juris
2515 3338 2692 3425 quod
2717 3307 2918 3424 Xbbgy.

580 3445 616 3477 ‘³
660 3441 866 3508 iidem
912 3435 1142 3508 Abbas
1187 3443 1257 3507 et
1304 3440 1692 3508 Conventus
1750 3437 2065 3506 obtinent
2109 3437 2183 3504 in
2227 3437 2491 3521 eisdem,
2553 3445 2695 3506 tam

581 3545 618 3580 ‘⁸
659 3544 951 3610 rationes
1025 3543 1387 3632 proposuit,
1464 3563 1665 3630 quam
1736 3541 2205 3621 instrumenta,
2267 3543 2697 3621 munimenta,

583 3651 620 3682 ‘⁸
661 3643 1137 3733 indulgentias,
1214 3665 1290 3710 ac
1371 3643 1726 3732 privilegia
1805 3641 1994 3711 Sedis
2068 3643 2483 3732 Apostolicae,
2552 3668 2700 3732 quae

585 3749 621 3783 “
665 3743 1000 3835 allegavit,
1045 3741 1368 3813 exhibuit.
1496 3744 1754 3828 Quibus
1816 3746 2115 3837 peractis,
2160 3745 2533 3827 intellectis,
2599 3748 2704 3812 in-

585 3853 621 3884 “
665 3849 924 3935 spectis,
969 3869 1047 3915 ac
1093 3843 1479 3936 diligentius
1531 3846 1934 3937 ponderatis,
1981 3845 2397 3936 supradictus
2456 3847 2705 3937 Magis-

586 3957 623 3988 “
664 3955 771 4017 ter
801 3951 1039 4018 Petrus
1084 3950 1508 4039 saepedictum
1561 3951 2062 4018 Procuratorem
2112 3948 2399 4019 Abbatis
2427 3954 2497 4019 et
2528 3951 2702 4018 Con-

588 4057 624 4090 “
666 4053 928 4133 ventus,
975 4053 1193 4141 quoad
1240 4054 1463 4120 omnia
1508 4047 1641 4119 alia
1684 4049 2010 4122 beneficia
2055 4078 2204 4142 quae
2270 4056 2345 4121 in
2404 4056 2705 4144 proprios

588 4161 625 4192 “
667 4171 829 4222 usus
874 4151 1146 4235 habent,
1215 4151 1706 4222 sententialiter
1779 4153 2070 4224 absolvit
2140 4155 2224 4223 ab
2290 4157 2707 4245 impetitione

589 4261 627 4294 ”
668 4255 1005 4345 saepedicti
1064 4255 1521 4324 Procuratoris
1583 4259 1952 4345 supradicti
2023 4255 2298 4326 Domini
2359 4259 2407 4328 J
2408 4261 2705 4341 ohannis,

593 4366 631 4396 ‘³
674 4357 1031 4443 Canonici3
1091 4360 1308 4427 eidem
1355 4358 1776 4428 Procuratori
1824 4383 2019 4449 super
2062 4361 2240 4450 ipsis,
2305 4362 2559 4429 domini
2601 4364 2708 4430 sui

590 4469 627 4497 “
669 4459 954 4544 nomine,
984 4465 1380 4551 perpetuum
1410 4463 1750 4530 silentium
1786 4464 2200 4550 imponendo.
2291 4464 2705 4534 Protestatus
2725 4469 2970 4549 Reserva-

590 4571 626 4599 “
670 4569 897 4632 autem
958 4563 978 4602 ¹
1010 4563 1204 4653 [fuit]
1270 4566 1664 4635 Procurator
1735 4566 2016 4632 Domini
2081 4565 2131 4632 J
2132 4566 2411 4634 ohannis
2477 4592 2563 4649 se,
2621 4592 2707 4637 ex
2725 4537 2978 4669 3122ssbe

584 4708 2650 4719 Μ-
2729 4670 2816 4721 the
2837 4669 3010 4721 claim-

769 4765 1040 4820 ·omitteu
1060 4766 1113 4820 in
1134 4763 1251 4821 us.
1275 4767 1520 4822 chunus
1540 4767 1601 4820 n
1629 4766 1733 4831 im
1773 4766 1999 4833 supplied
2019 4767 2149 4821 from
2167 4769 2281 4823 ms.
2304 4769 2441 4822 Nero
2460 4769 2573 4822 nst
2726 4741 2831 4787 ω·
