3450 5717
792 817 924 886 360
1505 824 1719 879 GESTA
1762 824 2090 878 ABBATUM

492 1026 633 1079 John
650 1026 739 1089 11.,
799 1023 837 1047 ‘⁶
875 1016 1083 1074 vicarii
1135 1020 1602 1089 praesentantur-3
1683 1030 1790 1086 per
1846 1011 2003 1084 quod
2048 1008 2359 1064 manifeste
2407 1011 2653 1079 apparet
2704 1005 2893 1061 Privi-

559 1094 686 1144 23rd
801 1103 1102 1174 “legium
1168 1099 1403 1164 Calixti,
1467 1097 1623 1171 quod
1684 1099 1736 1153 si
1794 1097 1942 1152 alias
2000 1094 2268 1166 legitime
2327 1092 2542 1148 fuisset
2597 1092 2661 1147 in
2717 1108 2896 1147 causa

529 1161 720 1279 &¹13⁰ss
802 1190 840 1213 “
878 1185 1247 1258 productum,
1287 1184 1579 1239 dictarum
1616 1180 1999 1237 ecclesiarum
2045 1170 2472 1249 exemptionem
2524 1175 2895 1248 aliquatenus

501 1301 519 1344 1
529 1265 739 1347 ᾗδὲ-ἑο,
804 1273 841 1298 “
878 1288 995 1325 non
1028 1267 1294 1341 probare.
1372 1267 1447 1321 In
1474 1264 1801 1335 Privilegio
1835 1263 2015 1319 etiam
2043 1261 2310 1327 Adriani,
2342 1260 2500 1333 quod
2532 1277 2640 1332 pro
2665 1276 2728 1315 se
2761 1274 2896 1331 pars

474 1378 479 1385 ·
546 1392 682 1405 --
803 1358 840 1381 “
879 1353 1295 1409 monachorum
1347 1350 1596 1417 induxit,
1635 1350 1699 1408 in
1735 1348 1912 1405 dictis
1950 1347 2217 1404 ecclesiis
2253 1346 2582 1402 dioecesano
2606 1346 2898 1417 Episcopo

802 1445 841 1466 ‘⁸
879 1437 1187 1495 canonica¹
1256 1435 1491 1508 justitia
1542 1439 1918 1500 reservatum
1982 1450 2089 1505 per
2131 1431 2289 1503 quod
2333 1437 2530 1503 potest
2588 1430 2898 1485 manifeste

802 1528 839 1551 “
879 1524 1106 1595 liquere
1144 1520 1302 1593 quod
1339 1520 1569 1575 Summi
1606 1518 1913 1575 Pontificis
1964 1516 2304 1573 intentionis
2340 1534 2457 1573 non
2490 1515 2608 1571 fuit
2643 1515 2896 1570 eximere

803 1612 841 1635 “
881 1607 1157 1663 ecclesias
1217 1605 1601 1677 supradictas.
1673 1603 1912 1675 Adjecit
1972 1607 2258 1674 praeterea
2314 1604 2659 1672 procurator
2717 1615 2898 1673 saepe·

804 1697 840 1719 ‘⁸
881 1691 1092 1755 dictus,
1133 1689 1290 1761 quod
1338 1688 1513 1744 dictis
1550 1687 1901 1759 Privilegiis
1953 1685 2149 1741 Priori
2187 1690 2247 1740 et
2284 1684 2610 1741 Conventui
2647 1700 2763 1739 non
2798 1681 2897 1737 ad-

806 1778 844 1801 “
881 1773 1380 1840 miniculantibus‚
1421 1779 1488 1827 ut
1541 1777 1632 1827 est
1682 1771 1929 1835 dictum,
1986 1788 2131 1825 usus
2185 1786 2388 1824 eorum
2434 1786 2550 1824 non
2603 1766 2775 1823 debet
2809 1767 2898 1822 eis

806 1864 844 1887 “
884 1860 1250 1932 aliquatenus
1306 1857 1656 1929 suffragari3
1713 1874 1851 1911 cum
1905 1872 2014 1910 nec
2069 1854 2213 1909 talia
2261 1871 2371 1909 nec
2424 1859 2587 1908 tanto
2636 1858 2897 1923 tempore

805 1949 843 1971 “
883 1949 1266 1999 exercuerunt
1313 1942 1376 1997 in
1428 1940 1653 1996 eisdem
1705 1939 1864 2012 quod
1897 1938 2328 1994 Archidiacono
2377 1938 2440 1992 in
2493 1938 2618 1994 suis
2661 1936 2897 2009 juribus

805 2032 842 2055 “
882 2027 1063 2084 fuerit
1114 2025 1526 2099 praejudicium
1577 2029 1944 2096 generatum,
1985 2023 2236 2078 maxime
2271 2039 2405 2078 cum
2438 2020 2899 2094 proedecessores

805 2115 843 2139 “
883 2130 1018 2167 suos
1070 2112 1132 2165 in
1185 2110 1360 2165 dictis
1413 2108 1677 2164 ecclesiis
1719 2106 2003 2163 nonnulla
2049 2106 2191 2177 jura
2240 2106 2572 2162 exercuisse
2621 2104 2900 2178 probarit.

806 2200 843 2222 ‘⁴
880 2195 1006 2252 Nos
1066 2196 1274 2266 igitur,
1334 2194 1452 2249 hiis
1508 2200 1569 2248 et
1620 2192 1754 2247 aliis
1815 2191 1952 2246 hinc
2012 2190 2146 2245 iude
2206 2190 2523 2262 propositis
2584 2189 2902 2261 diligenter

806 2284 843 2305 “
883 2279 1118 2343 auditis,
1158 2278 1418 2350 ipsisque
1454 2276 1704 2332 Domino
1756 2277 1933 2347 Papae
1968 2274 2141 2346 plene
2175 2274 2400 2341 relatis,
2439 2272 2902 2329 confessionibus

807 2366 845 2389 “
883 2362 1160 2433 partium,
1200 2361 1661 2433 probationibus,
1691 2366 1752 2415 et
1786 2359 2140 2431 privilegiis,
2179 2376 2404 2413 necnon
2439 2363 2501 2412 et
2537 2357 2789 2429 singulis
2825 2356 2901 2412 ad

808 2451 845 2473 “
885 2464 1123 2501 causam
1158 2445 1525 2510 facientibus,
1553 2445 1617 2499 in
1653 2444 1809 2516 aequi
1844 2448 2064 2498 statera
2090 2441 2299 2513 judicii
2327 2443 2651 2507 trutinatis,
2679 2442 2753 2497 de
2778 2459 2907 2513 spe·

809 2534 847 2557 “
886 2531 1024 2585 ciali
1077 2528 1313 2584 Domini
1366 2529 1541 2601 Papae
1595 2528 1885 2592 mandate,
1926 2526 2349 2583 sententialiter
2395 2526 2791 2600 prohibemus,
2829 2543 2904 2580 ne

810 2618 848 2642 ‘⁶
887 2614 1029 2669 dicti
1065 2613 1237 2668 Prior
1274 2621 1334 2668 et
1369 2613 1704 2668 Conventus
1742 2617 2100 2683 praesumant
2144 2611 2396 2667 ulterius
2443 2610 2731 2682 impedire
2766 2628 2906 2682 quo-

810 2701 848 2725 “
887 2699 1082 2754 minus
1121 2698 1436 2770 saepefatus
1472 2695 1938 2752 Archidiaconus
1977 2696 2334 2751 visitationis
2371 2695 2626 2750 officium
2666 2700 2729 2750 et
2766 2695 2906 2766 jura

810 2785 848 2809 “
886 2781 1375 2837 archidiaconalia
1417 2786 1685 2836 exerceat
1724 2781 1787 2835 in
1825 2779 2092 2836 ecclesiis
2136 2779 2524 2851 supradictis;
2561 2779 2807 2846 eisdem,
2847 2788 2908 2836 et

811 2869 849 2893 “
889 2865 1084 2921 Fratri
1109 2865 1428 2931 willelmo,
1468 2865 1836 2937 procuratori
1877 2865 2110 2920 nomine
2152 2863 2486 2930 eorundem,
2515 2883 2695 2937 super
2728 2865 2909 2937 impe-

812 2954 849 2976 “
890 2949 1150 3005 dimento
1186 2956 1247 3005 et
1282 2949 1717 3021 inquietatione,
1748 2958 2033 3021 quantum
2064 2947 2139 3003 ad
2170 2949 2317 3021 ipsa,
2345 2954 2697 3021 perpetuum
2733 2949 2907 3005 silen-

810 3036 848 3061 “
886 3034 1036 3090 tium
1074 3034 1474 3105 imponentem
1529 3034 1676 3107 ipsis
1712 3033 2115 3099 nihilominus,
2157 3043 2217 3088 et
2266 3051 2470 3089 eorum
2519 3035 2903 3105 procuratori,

809 3123 846 3145 ‘⁴
888 3119 1244 3184 mandantes,
1268 3124 1336 3174 ut
1359 3124 1745 3174 memoratum
1760 3117 2257 3175 Archidiaconum
2279 3119 2622 3190 permittant
2649 3119 2740 3175 uti
2757 3119 2908 3191 juri-

812 3207 849 3230 “
888 3203 999 3259 bus
1042 3203 1396 3275 supradictis
1435 3204 1497 3258 in
1530 3203 1703 3259 dictis
1742 3202 2009 3259 ecclesiis
2034 3203 2273 3276 pacifice
2300 3210 2360 3259 et
2396 3205 2632 3275 quiete:
2673 3203 2906 3259 nomine

813 3290 851 3313 ‘⁴
893 3294 1089 3343 autem
1154 3287 1416 3343 ecclesiae
1458 3287 1531 3342 de
1579 3287 2018 3358 Wymundham
2077 3288 2472 3359 parochialem
2517 3287 2906 3360 intelligimus

814 3375 851 3399 “
892 3371 1218 3436 ecclesiam,
1263 3390 1398 3427 cum
1435 3372 1673 3437 vicari0,
1720 3377 1782 3426 et
1817 3371 1988 3442 plebe
2046 3390 2177 3444 quae
2216 3373 2474 3445 pertinet
2519 3373 2596 3428 ad
2641 3372 2904 3428 eandem.

814 3458 851 3483 “
889 3455 1267 3511 Absolvimus
1306 3456 1486 3511 etiam
1521 3455 1709 3511 dictos
1753 3456 2021 3511 Priorem
2060 3462 2120 3513 et
2159 3456 2543 3523 Conventum,
2592 3462 2653 3513 et
2705 3470 2908 3513 eorum

696 3536 705 3544 “
815 3544 853 3567 “
891 3546 1347 3611 procuratorem,
1400 3557 1603 3594 eorum
1652 3539 1903 3605 nomine,
1955 3540 2027 3595 ab
2077 3558 2461 3612 expensarum
2519 3541 2904 3614 impetitione,

814 3629 851 3651 “
892 3643 959 3679 ac
996 3623 1356 3690 damnorum,
1399 3642 1529 3695 quae
1564 3625 1866 3679 occasione
1920 3625 2098 3696 hujus
2150 3643 2289 3697 pars
2340 3626 2526 3682 altera
2570 3626 2789 3681 dicitur
2823 3626 2910 3680 in-

814 3712 852 3736 “
883 3709 910 3780 j
917 3709 1161 3764 uriasse.
1225 3709 1395 3764 Hanc
1431 3714 1627 3764 autem
1664 3708 2013 3765 sententiam
2041 3710 2285 3767 tulimus
2321 3708 2616 3784 Lugduni,
2640 3711 2704 3766 in
2737 3711 2910 3766 domo

815 3797 853 3819 “
896 3793 1097 3848 Sancti
1134 3791 1365 3859 Irenaei,
1405 3792 1466 3847 in
1504 3810 1621 3864 qua
1666 3793 2059 3862 morabamur,
2103 3795 2575 3867 comparentibus
2609 3795 2909 3867 praedictis

814 3882 851 3904 ‘⁶
892 3876 1384 3948 procuratoribu3‚
1436 3877 1681 3941 scilicet,
1750 3876 2041 3950 Magistro
2088 3878 2352 3935 Waltero
2411 3884 2474 3936 et
2507 3880 2714 3936 Fratre
2761 3879 2910 3935 Wil-

838 3965 852 3987 ‘
891 3960 1085 4025 lelm0,
1150 3964 1211 4015 et
1267 3960 1655 4032 praesentibus
1727 3978 1922 4016 coram
1993 3963 2203 4030 nobis;
2279 3983 2349 4019 ac
2411 3964 2660 4021 testibus
2726 3963 2905 4018 infra-

814 4048 853 4071 “
893 4045 1148 4117 scriptis,
1177 4043 1421 4108 scilicet,
1450 4043 1490 4098 J
1492 4044 1670 4099 acobo
1694 4043 1768 4099 de
1797 4045 2073 4112 Sabellio,
2102 4047 2338 4103 Domini
2368 4048 2545 4120 Papae
2570 4048 2902 4120 Capellano‚

816 4132 854 4156 “
892 4128 1147 4193 Andrea,
1196 4128 1544 4185 Primicerio
1603 4127 1789 4194 urbis,
1843 4129 2134 4201 Magistro
2194 4132 2532 4188 Lancellino
2582 4132 2906 4204 Praeposito

838 4218 853 4240 ‘
893 4210 1337 4285 V[e]rcellensi,
1396 4218 1456 4268 et
1521 4212 1835 4269 Sinebaldo
1899 4214 2192 4272 Canonico
2226 4217 2599 4282 AuximianO,
2651 4217 2906 4272 Roberto

816 4301 854 4324 “
895 4297 1188 4352 Canonico
1251 4296 1450 4352 Sancti
1508 4294 1810 4353 Ambrosii
1870 4298 2208 4365 Mediolani,
2274 4301 2608 4373 Capellanis
2666 4301 2904 4366 nostrie,

816 4384 854 4407 “
893 4380 1183 4452 Magistro
1222 4381 1261 4436 J
1263 4380 1485 4436 ohanne
1523 4379 1815 4437 Canonico
1850 4382 2282 4455 Andegavensi,
2321 4391 2413 4441 ²et
2445 4385 2716 4458 pluribus
2752 4385 2907 4451 aliis,

881 4590 1072 4673 ι’,Ῐιιεειία
1094 4609 1145 4659 in
1167 4610 1282 4661 MS.
1308 4610 1546 4662 Claudius
1567 4611 1626 4661 E.
1641 4610 1710 4662 iv.
1925 4602 2284 4670 Winlom'ensek,
2326 4614 2373 4656 et
2407 4605 2693 4674 Reqinaldo,
2727 4605 2914 4657 Procu-

874 4686 898 4719 2
919 4686 1168 4753 Mayietro
1200 4687 1411 4740 Roberto
1437 4688 1497 4740 de
1519 4690 1808 4755 Ανρρηιίηα,
1910 4692 2076 4734 tutore
2097 4684 2303 4736 Domini
2334 4685 2492 4752 Reqis
2513 4685 2725 4753 Anqlioe,
2752 4687 2913 4737 added

809 4766 1059 4830 advocato,
1080 4766 1287 4820 Falacro
1313 4768 1588 4835 Capellam
1603 4769 1811 4822 Domini
1908 4768 2028 4819 here
2049 4766 2103 4816 in
2126 4765 2240 4818 MS.
2261 4766 2401 4818 Nero
2421 4766 2487 4819 D.
2510 4767 2546 4817 i.
