3450 5717
887 819 1018 883 438
1640 827 1860 879 GESTA
1900 827 2230 878 Anmrun

617 1033 802 1096 Rosea
984 1020 1298 1102 Quocirca
1342 1019 1602 1106 praefati
1660 1017 2084 1104 coquinarius
2144 1013 2551 1097 Monasterii,
2612 1015 2798 1102 cujus
2839 1015 2993 1081 obe-

624 1099 813 1226 Anssffi,
896 1124 1215 1190 dientiam
1292 1122 1667 1210 specialiter
1755 1121 2102 1209 negotium
2191 1116 2527 1205 tangebat,
2619 1098 2997 1204 quanquam

643 1232 780 1283 AD·
893 1249 1069 1293 nunc
1114 1227 1278 1304 istis,
1308 1246 1487 1291 nuno
1525 1224 1675 1303 illis,
1707 1224 2014 1290 laborum
2059 1226 2132 1288 ct
2173 1242 2608 1309 expensarum
2650 1222 3002 1309 generibus

596 1304 839 1405 uffo·
891 1331 1124 1396 fuisset
1172 1350 1531 1417 oppressuS,
1579 1327 1873 1393 finaliter
1922 1325 2246 1414 placitum
2293 1326 2398 1389 'est
2447 1329 2774 1391 executus,
2865 1324 2995 1391 Cu-

555 1473 790 1525 Peaeeful
880 1433 993 1519 jus
1055 1453 1342 1498 amorem
1402 1430 1690 1517 justitiae
1750 1451 1885 1495 suae
1957 1427 2422 1494 conservandae
2481 1425 2718 1515 'gratia
2800 1432 2993 1494 certae

556 1541 833 1606 possession
891 1535 1030 1622 spei
1073 1536 1146 1600 in
1199 1533 1458 1600 Christo
1509 1531 1840 1599 solidavit.
1933 1530 2161 1597 Assisa
2211 1529 2485 1596 tandem
2535 1530 2669 1595 rite
2705 1528 2990 1612 collecta,

555 1608 801 1725 ἰξοξὲξαίᾱ
890 1643 960 1703 et
1011 1636 1082 1702 in
1132 1636 1436 1703 veritatis
1517 1634 2029 1723 recognitionem
2088 1634 2359 1699 omnino
2418 1638 2804 1720 praeparata,
2878 1656 2996 1721 per

559 1741 779 1791 libet-nes
801 1738 844 1789 5⁸
889 1744 937 1809 J
939 1742 1306 1808 usticiarios
1351 1739 1676 1806 dividitur
1709 1744 1779 1806 et
1812 1744 2192 1818 recusatum
2245 1760 2322 1805 ac
2359 1758 2480 1825 per
2520 1736 2779 1804 eosdem
2823 1740 2998 1804 mili-

554 1809 863 1941 fflaffffietss,
888 1853 1007 1926 teS,
1070 1867 1186 1933 per
1231 1867 1392 1931 quos
1455 1843 1570 1908 illo
1631 1843 1738 1909 die
1808 1844 2009 1909 assisa
2066 1842 2244 1907 inter
2315 1841 2706 1928 praedictum
2768 1841 2995 1907 Domi-

895 1971 1054 2015 num
1103 1949 1351 2035 Regem
1397 1948 1466 2013 et
1510 1944 1874 2011 Dominum
1919 1942 2309 2026 Gilbertum,
2354 1943 2684 2013 Comitem
2725 1943 3000 2012 Glover-

892 2052 1042 2133 niae,
1086 2050 1428 2139 praeteriit,
1474 2048 1823 2137 praelibato
1884 2048 2286 2116 monasterio
2352 2044 2667 2137 possessio
2727 2048 2997 2139 pacifica

896 2152 967 2222 in
1021 2150 1376 2220 antedictis
1424 2149 1848 2219 libertatibus
1891 2148 2321 2239 adjudicatur.

906 2458 1288 2531 Recordum
1350 2457 1432 2524 de
1499 2456 1922 2526 libertatibus
1987 2452 2307 2545 praedicti
2354 2452 2671 2527 Mamm-ii
2715 2454 2800 2525 de
2851 2458 3006 2524 Eec-

1072 2562 1254 2644 wale,
1333 2584 1566 2631 coram
1637 2558 1698 2630 J
1692 2558 2079 2629 usticiam-s
2135 2559 2650 2640 itinerantibus,
2716 2566 3008 2653 tempore

1079 2664 1441 2734 ‘memorati
1484 2662 1769 2734 Abbati&
1810 2663 2109 2754 pleniter
2155 2662 2481 2731 allocatis.

562 2889 764 2940 Record
785 2887 843 2938 of
990 2838 1318 2905 Placitum
1384 2836 1562 2926 apud
1629 2834 2127 2903 Maidenestone
2215 2854 2431 2901 coram
2505 2832 2844 2924 Stephano
2918 2836 3004 2903 de

560 2956 647 3008 the
668 2950 781 3020 pro-
899 2943 1297 3021 Penecestre‚
1346 2940 1649 3007 ‚Iohanne
1689 2940 1773 3005 de
1822 2938 2137 3021 Oobham,
2185 2943 2253 3004 et
2299 2934 2645 3005 Salamone
2689 2940 2774 3006 de
2818 2936 3005 3015 Rosa,

564 3022 797 3140 ffigs
900 3047 1009 3112 die
1057 3041 1367 3110 Mercurii
1418 3042 1722 3131 proxima
1764 3046 1914 3128 post
1960 3041 2232 3107 Festum
2279 3040 2808 3109 Circumcisionis
2868 3042 3006 3109 Do-

562 3155 874 3234 pnentionod,
902 3148 1087 3227 mini,
1169 3168 1345 3212 anno
1410 3146 1599 3234 regni
1660 3142 1862 3232 Regis
1929 3140 2247 3210 Edwardi
2289 3150 2541 3213 octavo.
2631 3144 2863 3213 Abbas
2918 3146 3006 3213 de

560 3223 878 3341 ffirggrence
907 3251 1150 3318 Sancto
1195 3250 1461 3315 Albano
1520 3247 1962 3315 summonitus
2004 3248 2136 3314 fuit
2180 3247 2267 3312 ad
2313 3246 2332 3284 ¹
2354 3248 2827 3316 ostendendum
2872 3270 3006 3337 quo

563 3355 822 3475 ῐὲζέἕξιὲῖ
904 3358 1203 3420 waranto
1248 3351 1488 3419 clamat
1551 3351 1794 3417 habere
1858 3350 2077 3417 visum
2129 3348 2540 3439 franciplegii
2584 3353 2665 3419 de
2718 3352 3008 3419 tenenti-

565 3493 665 3542 and
687 3490 856 3541 awa-d
905 3458 1029 3524 bus
1088 3457 1367 3523 manerii
1434 3454 1537 3522 sui
1607 3456 1690 3521 de
1761 3454 2075 3536 Esewale,
2139 3454 2723 3522 amerciamentum
2787 3477 3009 3523 assim

567 3557 763 3608 ΟΜΝ]
767 3573 878 3622 ⁰1⁹5,
906 3562 1135 3627 fractae
1187 3560 1378 3648 panis
1426 3565 1495 3626 et
1555 3558 1868 3637 cervisiae,
1934 3560 2181 3623 sectam
2233 3554 2318 3622 ad
2363 3556 2610 3623 curiam
2677 3579 2866 3624 suam
2924 3558 3010 3625 de

565 3625 625 3742 igi·
640 3624 819 3741 {22⁰OE
907 3662 1199 3731 Esewale
1244 3663 1325 3728 de
1370 3663 1616 3728 eisdem
1663 3660 2048 3728 tenentibus
2091 3661 2207 3746 qui
2250 3658 2553 3726 solebant
2595 3660 2781 3749 sequi
2838 3658 3011 3728 hun-

565 3757 875 3886 gtl’ffissg’s,
906 3766 1183 3834 dredum
1236 3765 1511 3831 Domini
1557 3762 1760 3852 Regis
1819 3765 1900 3831 de
1953 3762 2187 3829 Estrie.

566 3892 874 3949 A.D.1279.
996 3868 1196 3936 Unde
1257 3866 1632 3937 Willelmus
1694 3864 1778 3933 de
1843 3864 2278 3955 Gislingham,
2334 3864 2453 3951 qui
2507 3864 2809 3954 sequitur
2886 3888 3011 3955 pro

905 3974 1193 4040 Domino
1272 3968 1465 4058 Rege,
1547 3966 1710 4035 dicit
1797 3968 1973 4056 quod
2046 3966 2374 4035 Dominus
2458 3966 2777 4036 Ricardus
2839 3972 3009 4052 Rex,

904 4074 1420 4163 consanguineus
1488 4070 1764 4139 Domini
1828 4073 2028 4160 Regis
2090 4093 2283 4155 nunc,
2331 4070 2462 4138 fuit
2505 4070 2578 4137 in
2639 4073 2880 4139 seisina
2922 4075 3013 4142 de

903 4176 1239 4268 praedictis
1282 4176 1722 4257 libertatibus),
1758 4178 2077 4262 tanquam
2136 4174 2626 4261 pertinentibus
2670 4175 2758 4242 ad
2807 4177 3014 4245 liber-

902 4282 1113 4349 tatem
1181 4300 1433 4348 coronae
1478 4300 1655 4361 suae3
1720 4282 1807 4358 et,
1852 4280 2005 4364 post
2062 4277 2278 4366 ipsum
2332 4275 2685 4343 Ricardum
2736 4278 3012 4370 Regem,

906 4384 1234 4452 Dominus
1277 4382 1325 4450 J
1328 4382 1619 4450 ohannes
1662 4380 1827 4462 Rex⁹
1879 4400 2047 4446 avus
2091 4376 2362 4447 Domini
2407 4378 2605 4468 Regis
2661 4402 2839 4450 nunc
2873 4409 2889 4451 ε
2940 4392 3015 4452 et

903 4492 1224 4573 similiter,
1286 4495 1434 4579 post
1478 4491 1696 4577 ipsum
1736 4489 1784 4554 J
1787 4488 2111 4553 ohannem
2155 4487 2419 4576 Regem,
2460 4484 2784 4555 Dominus
2820 4490 3016 4558 Hen-

1701 4718 1719 4753 ¹
1742 4718 1990 4771 ostendum
2012 4719 2065 4772 in
2085 4719 2200 4772 MS.
