3450 5717
778 823 908 888 290
1531 825 1750 880 GESTA
1794 823 2126 878 ABBATUM

477 1021 719 1082 william,
780 1017 1048 1108 paravit
1137 1017 1354 1082 dictus
1442 1015 1671 1080 Abbas
1748 1011 2120 1077 Willelmus
2193 1029 2313 1095 pro
2388 1008 2878 1095 quinquaginta

514 1088 705 1217 1}ssss3ss
785 1120 1019 1186 marcis
1064 1139 1267 1183 unam
1313 1117 1584 1182 domum
1643 1114 1824 1201 apud
1884 1111 2421 1190 Gernemutham,
2480 1111 2565 1176 ad
2624 1111 2883 1197 piscem,

535 1221 672 1273 AD.
786 1229 854 1290 et
921 1222 1247 1309 praeoipue
1306 1220 1460 1299 alec,
1524 1220 1598 1283 in
1643 1223 1938 1305 tempore
1997 1219 2370 1302 opportuno
2415 1218 2885 1301 comparatum,

486 1292 729 1339 ¹²¹⁴‘³⁵⁰
788 1324 1257 1412 reponendum,
1302 1322 1390 1387 ad
1435 1318 1970 1386 inaestimabilem
2032 1317 2286 1383 Domus
2348 1315 2577 1382 Sancti
2635 1313 2888 1379 Albani

446 1377 701 1540 ἓξὲξ-ἑὲ,
791 1427 1156 1494 utilitatem
1186 1429 1255 1490 et
1298 1424 1631 1490 honorem.
1723 1420 1854 1488 Oui
1897 1419 2104 1486 etiam
2148 1422 2601 1506 sumptuosam
2627 1415 2889 1482 addidit,

790 1527 1335 1596 emendationem.

789 1768 892 1835 De
926 1766 1258 1856 pbwribus
1301 1762 1625 1832 olam-stris
1667 1761 1922 1850 liyncis
1955 1777 2085 1850 per
2120 1757 2538 1848 praedictam
2565 1754 2890 1824 Abbatem

969 1867 1392 2058 mmm,
1465 1872 1526 1935 et
1586 1865 1669 1933 do
1729 1863 1967 1953 officisis
2032 1863 2129 1931 ad
2194 1861 2431 1930 cadem
2490 1857 2890 1949 reparanda

457 2116 635 2166 Abbot
883 2101 1192 2168 Claustra
1234 2122 1494 2188 quoque
1538 2099 1825 2185 plurima
1869 2096 2259 2177 construxit,
2303 2095 2634 2173 videlicet,
2680 2114 2890 2158 unum

455 2181 682 2300 {Vuffgm
791 2205 970 2269 inter
1016 2201 1401 2291 Capitulum
1447 2207 1516 2267 et
1562 2197 1901 2290 Capellam
1948 2197 2180 2268 Sancti
2242 2195 2616 2279 cuthberti,
2663 2218 2747 2262 ne
2791 2194 2888 2260 ibi

457 2315 656 2367 various
794 2311 1277 2372 transmeantes
1335 2299 1822 2370 stillicidiorum
1865 2297 2307 2369 infusionibus
2337 2300 2888 2368 molestarentur:

454 2382 683 2502 ξξῗῇῗῦ
796 2408 980 2472 aliud
1024 2429 1301 2494 quoque,
1373 2404 1393 2442 ¹
1410 2406 1802 2484 trilaterum‚
1848 2426 1891 2470 a
1933 2405 2215 2491 coquina
2256 2421 2465 2490 usque
2510 2401 2597 2467 ad
2645 2401 2888 2467 ostium

459 2519 622 2570 South
643 2519 748 2571 side
795 2508 1067 2574 claustri
1094 2505 1450 2596 regularis3
1509 2503 1688 2593 quod
1732 2505 2099 2595 assignavit
2128 2503 2445 2573 custodiae
2489 2501 2889 2591 coquinarii.

457 2585 705 2712 ffiffissm
801 2610 998 2691 Quod
1043 2611 1248 2676 etiam
1294 2629 1363 2675 se
1410 2607 1436 2646 ²
1461 2607 1861 2696 [protendit]
1905 2607 1980 2674 in
2042 2607 2173 2674 alio
2215 2605 2422 2674 latere
2480 2630 2523 2673 a
2574 2605 2890 2694 praedicto

457 2719 558 2768 and
579 2716 771 2784 assigna
794 2710 1065 2778 claustri
1126 2709 1530 2776 monachalis
1600 2707 1772 2777 ostio
1847 2731 2056 2798 usque
2116 2710 2203 2777 ad
2263 2707 2509 2776 ostium
2573 2708 2892 2796 Hospitii,

458 2785 751 2915 llllaehtssrge
795 2814 972 2900 quod
1048 2811 1327 2878 ulterius
1401 2811 1568 2878 solet
1634 2833 1773 2879 esse
1853 2809 2244 2901 Hospitium
2313 2809 2510 2900 Nigri
2588 2809 2898 2891 Ordinis;

460 2915 733 3033 ἓξῇἓξζιῐέῑῡ
795 2919 973 3007 quod
1030 2914 1400 3007 assignavit
1458 2919 1777 2987 custodiae
1835 2919 2141 3009 Magistri
2186 2917 2565 3007 Hospitum.
2687 2915 2896 2982 Aliud

666 3022 678 3035 '
793 3042 951 3087 vero
1009 3022 1356 3087 memorati
1414 3021 1684 3087 claustri
1743 3021 1941 3102 latus,
1993 3021 2259 3103 scilicet,
2305 3017 2603 3103 tertium,
2645 3043 2688 3085 a
2728 3039 2898 3108 prae-

797 3122 978 3189 dicto
1029 3122 1199 3189 ostio
1244 3144 1454 3210 usque
1498 3124 1585 3189 ad
1644 3124 1892 3190 ostium
1936 3146 2068 3211 quo
2127 3125 2317 3212 patet
2359 3123 2476 3190 via
2516 3119 2604 3188 ad
2664 3120 2894 3188 sartri-

799 3247 1019 3309 num3
1108 3225 1286 3312 quod
1367 3226 1571 3292 etiam
1650 3225 2016 3315 assignavit
2104 3226 2421 3292 custodiae
2511 3221 2894 3291 Camerarii.

797 3325 1106 3393 Alterum
1176 3348 1439 3415 quoque
1492 3325 1869 3407 claustrum,
1930 3325 2475 3414 quadrilaterum,
2536 3345 2652 3414 per
2717 3323 2897 3412 quod

797 3432 985 3517 patet
1027 3429 1140 3496 via
1215 3430 1302 3495 ad
1378 3429 1869 3514 Infirmarium3
1945 3432 2122 3518 quod
2185 3427 2516 3497 commisit
2580 3427 2895 3495 custodiae

799 3529 1177 3596 Infirmarii.
1299 3531 1391 3598 Et
1463 3532 1606 3598 haee
1671 3533 1896 3598 omnia.
1958 3529 2246 3599 firmiter
2308 3553 2385 3598 ac
2444 3534 2890 3619 competenter

798 3633 1173 3699 construxit
1240 3651 1328 3699 ex
1387 3653 1642 3719 querna
1683 3634 1979 3714 materie,
2045 3633 2257 3723 tignis
2340 3639 2410 3701 et
2453 3631 2889 3721 laquearibus,

799 3739 869 3801 et
897 3734 1209 3801 scindulis
1239 3735 1508 3822 quernis
1537 3736 1856 3823 cooperiri
1908 3735 2085 3804 fecit,
2178 3737 2271 3803 Et
2328 3733 2497 3803 illud
2545 3735 2898 3803 claustrum

800 3836 1103 3903 trilateru
1111 3859 1195 3918 m,
1267 3837 1488 3924 (quod,
1567 3837 1832 3920 scilicet,
1894 3859 1937 3904 a
1980 3836 2264 3926 coquina
2320 3859 2531 3927 usque
2596 3834 2625 3877 ³
2644 3835 2731 3905 ad
2793 3859 2895 3903 os—

802 3939 977 4005 tium
1035 3960 1264 4005 versus
1318 3937 1680 4006 sartrinum
1718 3939 2154 4029 extenditur,)
2209 3939 2466 4029 pariete
2510 3941 2897 4026 circumsep-

802 4044 950 4107 tum
1014 4041 1548 4123 concraticulato,
1615 4065 1702 4109 ne
1776 4044 1864 4109 ad
1923 4044 2140 4110 locum
2202 4039 2423 4111 medio
2498 4045 2900 4123 contentum,

802 4143 1135 4224 videlicet,
1210 4163 1488 4230 parvum
1559 4143 1946 4233 virgultum,
2018 4146 2325 4213 omnibus
2395 4143 2567 4213 liber
2645 4149 2903 4233 pateret

803 4267 1111 4326 accessus,
1144 4245 1597 4312 communivit.
1679 4245 1862 4313 Illud
1892 4269 2152 4338 quoque
2182 4248 2552 4337 virgultum
2582 4248 2906 4336 Magistro

805 4347 1170 4435 Hospitum
1216 4348 1567 4415 constituit
1609 4349 1953 4437 pertinere.

871 4615 885 4645 ¹
910 4612 1241 4667 efflatu-iamin
1262 4616 1447 4669 Wats's
1469 4625 1594 4670 text.
1899 4617 2130 4684 required
2149 4620 2220 4684 by
2241 4620 2326 4670 the
2345 4633 2509 4671 sense.

868 4693 891 4725 2
915 4693 1136 4745 Omitted
1151 4696 1207 4746 in
1224 4695 1311 4747 the
1326 4696 1603 4761 MSS.,but
1620 4697 1810 4763 clearly
1966 4697 1990 4730 ⁸
2010 4696 2082 4749 ad
2098 4698 2308 4751 omitted
2334 4698 2391 4749 in
2413 4698 2527 4751 MS.
2552 4697 2691 4750 Nero
2711 4698 2780 4749 D.
2804 4697 2837 4747 i.
