3450 5717
524 1046 732 1108 sebert,

573 1113 692 1169 loth

524 1180 722 1241 Abbot,

557 1247 693 1297 ΑΙ).

496 1316 743 1364 1151-66.

558 1407 689 1419 ψ

807 828 938 891 122
1563 840 1777 891 ensi-A
1816 839 2153 891 ,ansarum

802 1029 1038 1096 cecidit
1084 1034 1453 1117 prostratus
1497 1034 1656 1095 ante
1701 1031 1918 1117 ipsum
1949 1030 2196 1116 Regem
2240 1034 2312 1095 et
2353 1034 2697 1118 magnates
2727 1031 2903 1117 ejus:

801 1133 1000 1219 petiit
1027 1132 1522 1209 instantissime,
1553 1137 1632 1197 ut
1676 1132 1834 1218 ipse,
1866 1155 1983 1220 pro
2032 1154 2256 1198 amore
2286 1131 2415 1198 Dei
2467 1138 2538 1199 et
2570 1133 2903 1219 Martyris,

803 1234 989 1320 cujus
1070 1234 1367 1320 reliquiae
1461 1236 2004 1321 apportabantur,
2084 1235 2469 1321 dignaretur
2554 1233 2574 1273 ¹
2596 1234 2908 1321 reliquias

802 1338 998 1405 castri
1027 1337 1282 1423 regalis,
1315 1337 1493 1423 quod
1550 1345 1582 1370 “
1609 1336 2062 1424 Kyngesbury
2086 1337 2120 1362 ”
2174 1336 2607 1424 ”appellatum
2640 1338 2905 1425 penitus

468 1447 701 1498 Enemies
726 1447 786 1499 of
803 1439 1032 1505 delere.
1125 1439 1460 1505 Latebant
1488 1441 1664 1504 enim
1695 1440 1770 1503 in
1810 1439 2036 1504 eodem
2089 1439 2224 1504 fere
2271 1440 2431 1519 loce,
2465 1440 2582 1505 ubi
2613 1445 2903 1506 castrum

468 1513 551 1565 the
571 1514 757 1579 Abbey

467 1580 583 1629 lurk
607 1581 742 1631 amid

802 1542 1001 1628 Regis
1049 1541 1265 1607 fuerat
1312 1542 1398 1606 ab
1443 1541 1740 1626 antiquis
1789 1541 2199 1627 temporibus
2249 1541 2566 1619 dirutum,
2631 1542 2902 1627 quidam

466 1646 552 1696 the
565 1647 779 1699 remains
802 1644 1036 1709 aeditui
1074 1644 1341 1731 regales,
1372 1646 1545 1710 servi
1576 1643 1971 1721 conditione,
2001 1645 2117 1709 sed
2147 1644 2507 1713 Abbathiae
2560 1646 2780 1711 nocivi
2834 1652 2904 1710 et

469 1712 530 1762 of
544 1713 776 1780 Kynges-

466 1781 611 1846 bury.

463 2375 542 2426 At
563 2377 646 2428 the
667 2377 742 2428 in-

464 2445 735 2495 tercession

464 2510 527 2559 of
549 2510 725 2563 Abbot

462 2576 667 2639 Robert,

411 2664 416 2667 ·
464 2642 682 2713 Stephon

463 2709 639 2765 allows
661 2711 748 2763 the

461 2777 674 2831 remim
696 2787 750 2829 to
800 2777 836 2805 “

463 2843 524 2892 be
547 2842 770 2896 levelled.

802 1747 1119 1826 damnosi,
1167 1746 1488 1811 habentes
1543 1746 1619 1811 in
1667 1745 1883 1811 medio
1918 1746 2078 1811 .fere
2130 1745 2282 1827 vici,
2336 1767 2628 1813 seorsum
2673 1769 2902 1812 versus

801 1848 1159 1930 Orientem,
1203 1871 1412 1917 unum
1456 1847 2040 1935 propugnaculum,
2076 1848 2179 1913 vel
2228 1848 2750 1936 municipiolum,
2783 1872 2902 1937 pro

799 1951 1049 2038 refugio
1082 1956 1153 2018 et
1181 1951 1558 2029 mansione;
1601 1957 1673 2017 et
1702 1973 1772 2016 se
1819 1951 2108 2016 dicentes
2163 1951 2366 2037 Regis
2418 1951 2647 2017 fideles
2695 1953 2899 2019 servi„

799 2060 1003 2133 entes,
1034 2059 1102 2118 et
1154 2053 1456 2119 custodes
1503 2053 1681 2139 pacis
1733 2058 1803 2117 et
1852 2054 2104 2138 patriae,
2126 2053 2350 2140 potius
2403 2075 2629 2139 pacem
2680 2060 2749 2119 et
2781 2077 2896 2141 pa·

799 2157 998 2221 triam
1016 2154 1524 2242 perturbabant,
1540 2160 1609 2220 et
1631 2153 2090 2223 emolumentis
2116 2160 2183 2219 et
2213 2154 2522 2241 turpibus
2551 2155 2901 2223 inhiabant

800 2258 1178 2345 quaestibus,
1226 2279 1425 2343 quam
1472 2258 1648 2343 pacis
1694 2256 2292 2334 commoditatibus»,
2340 2256 2778 2323 intendentes.

891 2361 1040 2425 Rex
1086 2365 1310 2425 autem
1362 2360 1714 2446 piissimus,
1763 2358 2155 2444 Stephanae,
2217 2360 2404 2445 quasi
2464 2360 2806 2439 attonitus,
2859 2383 2901 2425 a

797 2462 1422 2529 circumsedentibus
1451 2461 1927 2547 interrogabat,
1959 2461 2120 2547 quid
2137 2460 2260 2527 hoc
2290 2466 2461 2527 esset
2487 2486 2503 2542 ;
2533 2462 2640 2527 cui
2670 2462 2897 2528 statim

796 2566 1064 2652 quidam
1111 2569 1499 2653 magnatum
1544 2564 1624 2629 de
1654 2563 2106 2645 assessoribus,
2136 2564 2394 2631 Abbati
2444 2566 2894 2645 amicissimus,

795 2667 1134 2755 respondit
1158 2673 1300 2748 ;-“
1321 2666 1606 2733 Domine
1653 2667 1762 2742 mi,
1798 2666 1963 2745 Rex,
1995 2687 2132 2732 non
2171 2668 2401 2754 procul
2450 2667 2619 2747 hinc,
2674 2668 2892 2751 immo,

881 2771 1006 2835 sub
1037 2770 1158 2837 alis
1205 2769 1404 2855 hujus
1454 2768 1755 2846 coenobii,
1809 2768 2122 2854 spelunca
2170 2770 2588 2862 quorundam
2637 2770 2893 2838 latrun-

796 2880 832 2908 “
877 2872 1173 2938 culorum
1202 2877 1320 2951 est,
1352 2871 1469 2958 qui
1498 2871 1626 2937 toti
1658 2871 1891 2957 patriae
1936 2876 2097 2935 sunt
2144 2872 2381 2950 nocivi,
2415 2878 2483 2937 et
2532 2872 2719 2939 vobis
2764 2896 2893 2939 non

792 2983 827 3012 “
874 2975 1094 3041 minus
1125 2974 1470 3052 damnosi;
1516 2995 1715 3059 quam
1765 2976 2010 3058 petunt
2037 2971 2135 3039 hii
2165 2973 2356 3040 vobis
2405 2974 2631 3040 devoti
2684 2977 2893 3041 sancti

796 3087 832 3114 “
877 3077 1022 3158 viri,
1100 3076 1341 3163 quibus
1433 3079 1536 3140 est
1611 3075 1800 3161 quasi
1876 3072 1902 3110 ⁸
1924 3074 2116 3164 spina
2188 3075 2263 3143 in
2336 3077 2542 3158 ocule,
2633 3078 2897 3165 penitus

795 3190 832 3216 “
876 3178 1174 3247 aboleri?

884 3283 1026 3347 Rex
1060 3281 1267 3368 igitur
1297 3280 1599 3367 precibus
1617 3279 1925 3358 Abbatis,
1948 3301 2024 3344 ac
2052 3279 2357 3360 fratrum,
2388 3286 2458 3346 et
2487 3287 2893 3370 magnatum,

791 3386 1268 3471 obtemperans,
1323 3381 1526 3468 jussit
1585 3381 1732 3446 illas
1792 3382 2036 3447 veteris
2095 3383 2297 3448 castri
2354 3383 2684 3469 reliquias,
2746 3406 2895 3450 cum

790 3490 927 3554 suis
975 3484 1480 3563 habitatoribus,
1527 3483 1797 3571 penitus
1846 3483 2066 3563 deleri,
2099 3484 2187 3549 ad
2216 3484 2501 3551 Abbatis,
2552 3486 2732 3575 piam
2780 3508 2895 3552 vo-

789 3591 1118 3657 luntatem
1148 3593 1218 3655 et
1247 3586 1659 3653 desiderium.
1755 3585 1948 3666 Quod
1995 3586 2226 3651 statim
2284 3586 2441 3652 fecit
2484 3587 2713 3652 Abbas
2758 3589 2893 3654 solo

788 3700 1002 3771 tenus,
1032 3697 1112 3757 ut
1141 3712 1262 3757 nec
1310 3688 1593 3775 vestigia
1645 3693 2116 3775 comparerent,
2150 3689 2571 3776 complanari,
2602 3690 2791 3769 arari,
2826 3695 2894 3756 et

790 3795 1114 3876 seminari,
1147 3794 1283 3859 suis
1328 3791 1636 3878 dispersis
1666 3789 2087 3859 satellitibus.

1176 4029 1322 4095 Rex
1365 4026 1638 4115 seysivit
1683 4027 2058 4094 Ecclesiam
2101 4028 2182 4094 de
2225 4028 2512 4095 Latona.

881 4179 1042 4245 Post
1070 4177 1209 4243 haec
1253 4179 1480 4241 autem
1526 4173 1792 4239 evoluto
1839 4196 2046 4261 parvo
2093 4181 2407 4263 tempore,
2461 4176 2609 4243 Rex
2659 4175 2890 4265 benig-

789 4281 1112 4356 nissimus,
1145 4278 1538 4364 Stephanus,
1569 4276 1750 4341 viam
1781 4276 2108 4342 universae
2148 4277 2362 4342 carnis
2393 4282 2496 4342 est
2524 4278 2892 4365 ingressus3

2478 4439 2639 4444 η’.-
2658 4439 2755 4445 ma-
2772 4440 2886 4448 -—.-

859 4521 875 4552 ¹
900 4519 1049 4584 They
1068 4519 1197 4570 have
1225 4518 1354 4568 been
1391 4516 1598 4581 already
1620 4530 1790 4581 reprc-
1833 4522 1836 4535 '
1953 4515 1974 4546 ²
1997 4514 2304 4580 apellabatw·
2339 4517 2466 4583 (sic)
2504 4517 2560 4569 in
2600 4517 2714 4570 MS.
2753 4519 2890 4569 Nero

792 4602 967 4655 sented
1003 4608 1056 4653 to
1095 4599 1227 4649 have
1270 4598 1400 4649 been
1442 4596 1683 4647 removed
1723 4595 1794 4660 by
1888 4594 1955 4644 D.
1977 4594 2014 4644 i.

792 4682 971 4737 Abbot
1002 4677 1191 4739 Alsric,
1234 4676 1320 4727 the
1365 4675 1552 4731 second
1585 4673 1648 4725 of
1683 4673 1793 4725 that
1833 4678 1836 4695 ⁵
1951 4671 1973 4704 ³
1995 4673 2083 4724 An
2129 4675 2421 4743 expression
2459 4678 2719 4731 borroved
2758 4678 2888 4730 from

794 4775 981 4813 nune.-
1025 4756 1121 4809 See
1143 4770 1269 4823 page
1292 4760 1357 4806 33
1380 4761 1506 4806 ante.
1887 4751 2082 4804 Joalma
2105 4752 2250 4806 xxiii.
2280 4759 2354 4805 13.
2798 4785 2803 4791 -
