3450 5717
2324 692 2342 755 r

1069 831 1487 881 Housman
1535 832 1781 882 simon
1826 833 2099 884 ALBANI.
2522 824 2643 885 441

548 1016 819 1083 Domini
863 1017 1077 1106 Regis,
1121 1017 1247 1084 sub
1290 1018 1446 1085 ficto
1496 1018 1950 1087 advocationis
1993 1020 2222 1102 colore,
2254 1022 2328 1086 in
2372 1022 2649 1089 eandem
2743 1046 2935 1112 Roget,

547 1120 882 1187 ecclesiam
926 1121 1126 1187 breve
1171 1120 1576 1209 impetravit.
2741 1114 2933 1242 Azitta

2763 1247 2896 1297 A.D.

2713 1317 2735 1362 l
2744 1318 2957 1364 260-90.

770 1375 1219 1443 Continuatio
1263 1396 1610 1463 processus
1661 1376 1966 1442 materiae
2002 1384 2413 1465 praenotatae.
2762 1407 2897 1420 --

637 1530 747 1596 Ad
791 1532 948 1609 haec,
996 1531 1261 1597 labente
1312 1530 1628 1617 temporis
1678 1531 2059 1611 intervallo,
2120 1532 2447 1599 Dominus
2511 1533 2656 1598 Rex
2677 1550 2813 1603 Writ
2831 1556 2896 1604 of

549 1633 808 1718 scripsit
873 1632 1218 1719 praelibato
1274 1633 1617 1720 Episcopo,
1683 1654 1801 1718 per
1848 1633 2016 1698 illud
2075 1634 2276 1701 breve
2321 1637 2497 1721 quod
2540 1658 2655 1700 vo·
2676 1619 2986 1750 {fflffiiff

548 1741 740 1803 catur
801 1741 838 1771 “
860 1734 1349 1816 Prohibemus,”
1411 1741 1759 1823 quatenus,
1811 1736 1930 1801 lite
1979 1737 2307 1824 pendente
2350 1738 2424 1803 in
2457 1739 2656 1805 Curia
2676 1753 2906 1804 stitution
2932 1756 2992 1806 of

546 1862 680 1920 sua,
738 1839 1033 1925 praedicti
1079 1838 1465 1924 praesentati
1533 1838 1905 1905 subsideret
1949 1839 2388 1907 institutioni.
2481 1840 2655 1905 Mul-
2675 1819 2964 1950 3⁴³an

546 1941 862 2029 tiplicatis
913 1941 1120 2027 igitur
1149 1940 1455 2027 angariis»,
1513 1940 1781 2027 gemina
1825 1940 2081 2028 ingruit
2112 1942 2451 2024 molestia3
2497 1944 2655 2008 (111111
2675 1955 2864 2005 sented.

545 2045 674 2125 ille,
721 2044 1034 2131 injuriam
1080 2042 1344 2128 injuriae
1389 2043 1883 2122 accumulandO,
1930 2045 2280 2131 quemdam
2331 2045 2656 2124 clericum,

549 2145 957 2212 Willelmum
988 2145 1069 2210 de
1101 2144 1378 2230 Eytone,
1423 2150 1506 2209 ut
1551 2151 2017 2233 argumentum
2063 2153 2420 2213 assumeret
2482 2149 2654 2215 deci·
2677 2144 2956 2261 gynkeney

548 2249 791 2336 piendi,
833 2246 1191 2313 verbaliter
1247 2269 1317 2311 se
1378 2246 1585 2313 finxit
1629 2253 2105 2335 praesentasse;
2153 2272 2346 2336 quem
2398 2250 2656 2337 excogi-
2677 2228 2911 2333 „effmpffi

550 2352 743 2429 tavit,
791 2372 908 2438 per
952 2349 1050 2414 fas
1096 2348 1204 2415 vel
1248 2372 1366 2436 per
1409 2349 1610 2431 nefas,
1657 2374 1698 2414 a
1759 2351 1935 2417 dicto
1989 2352 2257 2417 Abbate
2303 2353 2457 2419 hinc
2501 2353 2655 2418 inde
2676 2347 2920 2400 nmine&

548 2454 840 2519 favorem
904 2452 986 2517 de
1055 2451 1186 2517 levi
1255 2450 1638 2531 obtinuisse,
1715 2475 1863 2519 cum
1926 2455 2157 2520 multis
2219 2455 2656 2542 optimatibus

554 2555 772 2622 Curiae
825 2554 1026 2640 Regis
1093 2554 1256 2619 satis
1287 2554 1652 2620 ‘extitisset
1724 2556 2087 2622 familiaris.
2213 2557 2344 2622 Sed
2409 2556 2655 2640 Abbas,

550 2657 759 2745 magis
827 2655 952 2722 Dei
1019 2661 1090 2721 et
1158 2656 1464 2723 Ecclesiae
1516 2679 1655 2723 suae
1701 2657 2042 2744 justitiam
2100 2658 2398 2747 diligens,
2456 2680 2651 2746 quam

554 2763 910 2826 humanam
977 2758 1347 2846 potentiam
1422 2758 1740 2844 injustam
1809 2780 2061 2840 verens,
2126 2761 2652 2828 adversariorum

553 2885 819 2930 suorum
870 2861 1062 2927 libito
1107 2882 1296 2926 aures
1341 2861 1721 2927 nullatenus
1768 2862 2132 2930 inclinavit.

645 2966 777 3047 Qui
844 2986 993 3030 cum
1058 2963 1144 3028 ad
1202 2963 1377 3028 diem
1437 2964 1682 3029 amoris
1734 2965 2100 3050 praefixum,
2168 2988 2318 3032 cum
2385 2966 2653 3034 consilio
2682 2971 2735 3023 A
2758 2974 2856 3052 day
2890 2974 2952 3024 of

553 3090 687 3147 suo,
720 3066 1115 3143 advenisset,
1184 3065 1402 3130 dictus
1455 3065 1800 3144 Robertus,
1846 3088 1916 3132 se
1958 3067 2252 3144 offerens,
2300 3090 2448 3134 cum
2493 3091 2654 3155 quo·
2678 3047 2955 3157 Ξξῗζὲξῃ,

554 3173 706 3239 dam
778 3169 988 3236 nobili
1053 3168 1282 3247 milite,
1352 3167 1674 3233 Ymberto
1739 3168 1822 3235 de
1891 3168 2118 3235 Monte
2179 3170 2431 3257 Regali,
2494 3178 2656 3237 tunc
2678 3172 2902 3250 eil-intimi

554 3273 825 3340 Domini
887 3270 1168 3348 Alfonsi,
1244 3269 1367 3334 filii
1432 3269 1705 3334 Domini
1774 3270 1988 3358 Regis,
2035 3272 2351 3359 magistro
2398 3278 2467 3338 et
2510 3295 2656 3339 cus·
2679 3239 2876 3367 mg&

552 3378 723 3455 todo,
775 3398 909 3440 una
970 3396 1122 3441 cum
1183 3372 1331 3437 aliis
1397 3371 1800 3459 potentibus,
1851 3379 2168 3460 tanquam
2239 3374 2326 3439 ad
2389 3376 2657 3441 terroris
2682 3371 2964 3438 Pynkeney

550 3479 617 3545 in
625 3478 1005 3556 cus-sionem,
1054 3496 1231 3540 nunc
1277 3496 1398 3561 per
1441 3474 1795 3540 verborum
1841 3466 2271 3554 dulcedinem,
2318 3497 2497 3542 nunc
2541 3500 2657 3564 per
2682 3439 2992 3568 ἷὲἶξέἶὲῧη

554 3581 1075 3667 qualemcunque
1106 3577 1672 3665 supplicationem,
1717 3599 1894 3643 nunc
1940 3599 2098 3644 vero
2156 3600 2273 3665 per
2316 3581 2654 3646 molestam
2681 3586 2816 3634 ”9⁰¹²
2839 3571 2925 3622 ²¹¹⁶

553 3681 1160 3761 murmurationem,
1207 3701 1317 3745 eor
1379 3678 1683 3758 Abbatis,
1738 3679 1824 3745 ad
1887 3681 1991 3745 sui
2033 3680 2540 3760 incommodum,
2587 3688 2656 3748 et
2681 3636 2934 3767 ssgssolhtg

550 3787 844 3852 adversae
888 3783 1099 3871 partis
1166 3781 1599 3862 commodum,
1646 3782 1938 3849 emollire
1984 3785 2343 3872 satagebat,
2392 3791 2463 3851 et
2507 3785 2654 3851 alli-
2677 3779 2932 3889 fixam*

552 3910 709 3955 cere.
805 3888 937 3953 Sed
983 3908 1136 3952 cum
1203 3906 1493 3951 annuere
1557 3887 1904 3966 renuisset,
1946 3887 2241 3974 allegans
2303 3887 2655 3976 multiplex

542 3992 671 4078 jus,
715 3990 895 4076 quod
959 3988 1116 4054 inde
1181 3988 1446 4053 ecclesia
1507 4007 1627 4052 sua
1674 3988 1756 4053 de
1802 3987 2047 4055 Sancto
2090 3990 2356 4057 Albano
2398 4014 2442 4055 a
2486 3997 2653 4057 tem-
2678 4004 2790 4055 The
2812 4005 2991 4060 Abbot

553 4093 824 4182 poribus
881 4090 1173 4179 possidet
1246 4090 1606 4168 retroactis,
1669 4090 1788 4154 illa
1844 4091 2003 4170 vice,
2070 4092 2313 4159 infecto
2387 4093 2652 4181 negotio
2678 4070 2886 4136 ‘dum’

556 4204 834 4282 utraque
877 4216 1036 4281 pars·
1072 4192 1357 4258 recessit.
2678 4140 2917 4268 {⁸23th

644 4299 867 4364 Primo
925 4297 1136 4384 igitur
1197 4296 1305 4360 die
1371 4295 1530 4374 litis,
1593 4294 1953 4373 Londoniis
2018 4297 2355 4382 deputato,
2400 4320 2654 4385 compa*
2678 4314 2878 4379 Appml
2904 4324 2959 4368 to

552 4404 691 4467 ruit
734 4422 850 4488 per
898 4400 1191 4487 partium
1239 4395 1257 4432 ¹
1279 4397 1768 4476 assentationes,
1823 4401 2021 4485 prout
2079 4400 2443 4466 communis
2487 4402 2652 4467 sine·
2678 4380 2974 4501 gsselfssm

552 4506 672 4571 bat
709 4503 995 4593 justitia.
1077 4502 1376 4587 Cumque
1436 4500 1653 4566 dictus
1697 4499 1925 4566 Abbas
1949 4526 1954 4531 ·
1977 4501 2335 4587 prudenter
2378 4526 2650 4592 perpen-

906 4737 920 4768 ¹
945 4734 1169 4799 Perhaps
1191 4734 1548 4797 esconiatiores,
1574 4731 1870 4799 (seminem)
1892 4749 2031 4785 more
2054 4735 2317 4801 correetly.
