3450 5717
823 842 952 903 108
1582 856 1799 904 essm
1844 853 2174 903 ABBATUM

530 1050 737 1113 Radulf,
813 1058 932 1124 pro
996 1060 1086 1115 ec,
1158 1038 1424 1117 scilicet,
1500 1039 1676 1124 quod
1750 1038 2010 1103 invenit
2088 1058 2292 1104 unum
2369 1037 2660 1125 sigillum
2737 1057 2931 1123 super

537 1117 729 1245 Algbssdt,
813 1162 1107 1207 mensam
1171 1140 1619 1207 aurifabrilem
1672 1140 2024 1221 Anketffli,
2085 1140 2384 1205 monachi
2445 1141 2566 1219 sui,
2627 1145 2697 1206 et
2754 1139 2929 1205 auri-

562 1253 699 1303 A.D.
811 1242 998 1322 fabri,
1041 1265 1179 1309 non
1219 1243 1620 1331 insculptum
1651 1268 1666 1323 ;
1713 1248 1782 1308 et
1826 1242 2106 1308 timebat
2149 1243 2317 1309 illud
2361 1243 2507 1309 fieri
2552 1243 2639 1308 ad
2682 1243 2929 1308 incom-

511 1324 752 1426 ῙῙῈῙ·
811 1346 1081 1411 modum
1126 1368 1334 1424 suum,
1391 1350 1460 1410 et
1509 1346 1714 1411 etiam
1759 1345 2231 1432 depositionem
2280 1345 2438 1432 ejus.
2534 1346 2697 1410 Fuit
2751 1346 2927 1410 enim

469 1453 788 1518 Heunjustly
811 1448 1202 1535 suspiciosus
1262 1453 1330 1513 et
1389 1447 1748 1534 inquietus,
1794 1453 1862 1513 et
1917 1448 2066 1513 odio
2126 1447 2519 1513 inexorabili
2582 1469 2926 1534 perseque-

470 1522 725 1637 ῗξξῗὲζζ
809 1551 1010 1616 batur
1082 1573 1247 1618 eum.
1372 1550 1562 1617 Prior
1627 1555 1870 1627 autem,
1932 1550 2284 1637 depositus,
2368 1548 2928 1616 verecundabatur

471 1652 704 1769 Αέψίῠ»,
728 1624 742 1646 ’
808 1654 1023 1732 nimis,
1087 1659 1176 1736 et,
1244 1654 1550 1720 confusus
1601 1675 1741 1740 prae
1802 1654 2069 1740 pudore,
2129 1653 2425 1740 confugit
2477 1653 2563 1718 ad
2623 1652 2761 1717 alas
2792 1651 2926 1717 Do·

467 1736 521 1837 ἔ,
544 1729 789 1838 θγὲἓω
809 1757 977 1821 mini
1008 1757 1375 1837 Laurentii,
1405 1755 1695 1821 Abbatis
1722 1754 2314 1822 westmonasterii.
2401 1754 2590 1834 Quia,
2624 1755 2927 1840 quamvis

468 1853 688 1906 minster.
809 1865 980 1924 esset
1041 1858 1399 1925 monachus
1465 1858 1694 1924 Sancti
1741 1857 1989 1923 Albani
2059 1857 2399 1944 professus,
2477 1857 2759 1943 adeptus
2825 1864 2925 1923 est

807 1958 1032 2027 tamen
1076 1961 1156 2026 in‘
1197 1959 1216 1998 ¹
1240 1960 1546 2048 Capitulo
1577 1959 2149 2026 Westmonasterii
2177 1960 2655 2025 monachatum.

464 2061 723 2180 ³:22oe
897 2064 1127 2130 Abbas
1189 2069 1411 2130 autem
1477 2063 1878 2129 Laurentius
1945 2084 2097 2128 eum
2142 2062 2427 2149 benigne
2485 2064 2786 2150 suscepit,
2833 2071 2921 2143 et,

466 2195 688 2247 receives
811 2167 1117 2232 misertus
1157 2172 1227 2232 et
1266 2167 1638 2247 miseratus,
1675 2166 2051 2230 consolatus
2088 2169 2193 2230 est
2232 2186 2383 2230 eum
2412 2187 2429 2244 ;
2471 2164 2689 2230 filerat
2746 2166 2921 2230 enim

467 2262 574 2312 him
588 2262 783 2329 kindly.
809 2268 1166 2355 aliquando
1210 2269 1283 2333 in
1313 2269 1598 2334 claustro
1646 2267 1879 2333 Sancti
1927 2266 2179 2332 Albani
2226 2266 2355 2354 ipsi
2400 2265 2756 2332 familiaris.
2832 2268 2923 2334 Et

808 2394 1060 2437 moram
1110 2371 1528 2437 continuavit
1593 2371 1842 2436 ibidem
1888 2371 2067 2435 idem
2120 2369 2453 2456 Alquinus
2509 2391 2628 2456 per
2671 2369 2920 2456 aliquot

467 2482 786 2563 Hebecomes
809 2497 1060 2555 annos3
1120 2470 1236 2561 qui
1282 2473 1726 2560 postmodum,
1777 2473 2105 2559 praeclaris
2163 2472 2420 2538 meritis
2467 2472 2609 2558 ejus
2653 2472 2917 2560 exigen-

467 2550 698 2668 &gut-‘of
808 2577 1008 2656 tibus,
1049 2577 1124 2641 in
1164 2576 1470 2642 Prior-atu
1515 2576 1611 2642 ibi
1656 2576 1901 2641 electus
1945 2581 2014 2641 et
2059 2579 2314 2641 creatus
2358 2580 2472 2640 est.

465 2684 688 2735 minster.
900 2680 1103 2745 Porro
1154 2701 1303 2745 cum
1358 2682 1383 2717 ²
1406 2677 1794 2765 Radulphus
1840 2678 1975 2744 fere
2022 2683 2351 2764 quartum,
2407 2699 2522 2743 seu
2569 2677 2919 2743 initialiter

465 2774 629 2892 23¹³ss
638 2791 786 2891 gfff·
810 2782 1135 2868 quintum,
1186 2782 1290 2847 sui
1338 2781 1677 2869 regiminis
1738 2785 1963 2867 ageret
2022 2802 2290 2859 annum,
2333 2779 2722 2867 gravissima
2780 2802 2915 2846 cor-

466 2857 766 2969 inni-zitise,
809 2889 1036 2972 reptus
1109 2884 1563 2950 incurabiliter
1637 2882 2052 2970 aegritudine,
2130 2883 2365 2949 videns
2442 2883 2913 2948 monasterium

464 2974 642 3026 Abbot
796 2974 940 3070 jam
999 2990 1253 3052 rectore
1305 2972 1616 3065 destitui,
1680 2985 1977 3071 providit
2036 2986 2165 3051 sibi
2216 2990 2287 3051 et
2335 2985 2636 3065 ecclesiae,
2699 2993 2768 3050 et
2819 2987 2917 3073 ip-

463 3042 762 3174 ffiffw
808 3088 946 3154 sius
1008 3089 1151 3155 loco
1216 3088 1585 3155 Robertum
1649 3088 1732 3153 de
1801 3087 2109 3166 Gorham,
2156 3109 2350 3174 quem
2413 3091 2572 3153 ante
2623 3087 2913 3154 Priorem

463 3175 738 3293 &me
805 3192 1066 3271 fecerat,
1127 3191 1255 3257 sibi
1315 3191 1389 3256 in
1449 3190 1797 3269 Abbatem,
1856 3189 1999 3256 loco
2059 3212 2195 3267 suo,
2255 3190 2539 3255 fratrum
2598 3189 2913 3256 electione

465 3307 546 3359 his
568 3324 680 3360 sue-
804 3294 1107 3359 unanimi
1180 3295 1380 3380 petiit
1473 3292 1858 3380 subrogari3
1932 3314 2018 3358 ne
2091 3292 2521 3379 possessiones
2611 3292 2909 3373 ecclesiae,

463 3390 644 3427 mr·
803 3397 990 3484 quasi
1050 3397 1361 3474 viduatae,
1426 3395 1780 3461 indefensae
1821 3394 2355 3461 distraherentur.
2466 3394 2661 3474 Quod
2705 3400 2774 3460 et
2818 3397 2910 3461 ef-

799 3499 1003 3565 fectui
1071 3498 1521 3585 mancipatum
1596 3501 1699 3562 est
1772 3497 2182 3584 temporibus
2259 3495 2458 3584 Regis
2533 3496 2911 3583 Stephani3

800 3624 878 3668 ea
922 3609 1150 3668 tamen
1209 3602 1319 3688 pia
1380 3599 1774 3680 conditione,
1819 3604 2148 3685 quatenus
2217 3604 2368 3685 post
2417 3604 2698 3665 mortem
2750 3600 2909 3686 ejus,

798 3705 1055 3770 cunctis
1099 3703 1336 3769 diebus
1377 3707 1642 3768 tantum
1682 3723 1803 3788 pro
1843 3722 1919 3766 eo
1963 3701 2206 3767 faceret
2252 3699 2655 3780 Conventus,
2701 3724 2908 3788 quan-

799 3810 945 3872 tum
989 3829 1109 3894 pro
1154 3807 1303 3872 aliis
1346 3805 1561 3891 hujus.
1587 3803 1872 3871 eoelesiae
1917 3803 2331 3870 Abbatibus:
2402 3803 2579 3891 quod
2620 3803 2908 3871 libenter

798 3913 900 3974 est
942 3929 1331 3975 concessum.

1272 4142 1372 4207 De
1422 4140 1864 4227 neyliyentiis
1907 4139 2111 4227 hujzae
2153 4130 2214 4206 Α
2228 4139 2453 4207 bbatis.

887 4314 1020 4381 Sed
1068 4315 1226 4400 quia
1275 4335 1467 4379 nemo
1511 4313 1651 4379 sine
1695 4313 1964 4378 crimine
2008 4312 2202 4390 vivit,
2246 4335 2364 4378 nec
2414 4318 2517 4379 est
2554 4319 2900 4401 argentum

797 4418 959 4483 adeo
1034 4439 1274 4504 purum
1329 4417 1436 4482 vel
1495 4416 1800 4503 primum,
1863 4415 2026 4502 quin
2085 4413 2113 4451 ⁸
2130 4416 2339 4482 scoria
2412 4416 2897 4503 aliquantulum

863 4693 876 4721 ¹
910 4688 1113 4755 capello
1133 4688 1186 4740 in
1209 4688 1400 4740 Wats's
1419 4696 1542 4740 text.
1950 4689 1973 4721 ³
1993 4690 2178 4740 scor-rie
2201 4688 2255 4739 in
2278 4690 2390 4741 MS.
2414 4690 2550 4740 Nero
2572 4689 2639 4740 D.
2658 4688 2692 4741 i.

861 4768 881 4800 ²
906 4768 1127 4820 Omitted
1149 4768 1201 4818 in
1223 4767 1413 4818 Wats’s
1435 4775 1555 4820 text.
