3450 5717
535 994 789 1061 Geoffiey,

605 1061 724 1113 leth

566 1128 759 1190 Abboa

593 1193 661 1247 A,
663 1193 730 1246 D.

541 1266 563 1310 1
574 1266 595 1311 l
607 1266 783 1313 19-46.

837 790 923 855 98
1593 804 1808 855 5115111
1852 805 2177 858 ABBATUM

932 985 1089 1075 Ipse
1135 1010 1395 1075 quoque
1459 993 1651 1057 tanta
1703 993 2076 1059 intentione
2137 991 2389 1059 solebat
2435 1012 2636 1070 orare,
2666 994 2745 1055 ut
2789 1011 2937 1055 cum

847 1088 1148 1156 diabolus
1176 1090 1354 1172 olim,
1373 1092 1781 1161 visibiliter
1760 1116 2082 1176 mcensus,
2105 1101 2176 1162 et
2205 1099 2389 1161 totus
2418 1093 2945 1182 13115115οω110-

843 1214 997 1259 nem
1074 1215 1261 1261 suam
1334 1195 1817 1286 interrumpere
1893 1200 2238 1281 niteretur,
2329 1198 2615 1287 igneque
2696 1195 2946 1263 visibili

845 1295 1176 1363 cucullam
1196 1297 1445 1364 orantis
1477 1299 1668 1366 dorso
1698 1300 2133 1369 inhaerentem
2164 1300 2581 1381 incendisset,
2628 1319 2765 1366 non
2796 1319 2948 1366 eum

501 1394 770 1461 Roger’sr
741 1410 822 1447 re-
844 1397 930 1463 ab
958 1399 1335 1468 intentione
1363 1402 1799 1470 remissiorem
1828 1404 2140 1487 reddidit,
2180 1426 2301 1471 nec
2332 1403 2699 1471 orationem
2729 1400 2945 1468 valuit

501 1462 791 1515 sintanceto

499 1528 759 1582 thedevil.

502 1604 775 1659 811011115-

501 1672 781 1736 11115515-

844 1523 1156 1692 Ῐθεέοιῗῖιῗε
1216 1607 1458 1694 Rogeri
1518 1572 1945 1694 discipulatui
2005 1609 2286 1675 adhaesit
2327 1609 2538 1675 Beata
2587 1605 2943 1685 christina,

500 1740 653 1802 eluse,
668 1742 807 1808 joina
843 1706 1034 1795 virgo
1084 1709 1166 1774 de
1215 1708 1453 1796 Honty
1458 1709 1726 1797 ngdona
1776 1710 2068 1789 oriunda,
2122 1733 2289 1797 quae,
2340 1717 2610 1800 propter
2656 1730 2942 1775 amorem

495 1806 618 1861 him.

499 2213 582 2265 He
604 2213 746 2267 shuts

496 2281 589 2332 her
609 2282 665 2332 in
687 2298 721 2332 a

499 2349 818 2427 {mutand-

499 2429 753 2537 ffiffc'zii'

500 2550 613 2600 vhe
612 2504 779 2601 reesli

499 2615 701 2667 livesin

498 2683 766 2734 mortifica-

498 2749 729 2800 tionand

530 2830 561 2864 0

496 2890 652 2934 ment.

844 1810 1264 1894 castimoniae,
1319 1813 1571 1900 amplas
1618 1812 1976 1899 reliquerat
2024 1814 2477 1901 possessiones,
2550 1812 2944 1898 domumque

840 1919 1185 2031 paternam
1245 1914 1503 1980 divitiis
1574 1914 1977 2003 opulentam.
2087 1917 2248 1984 Non
2311 1921 2540 1983 tamen
2610 1913 2941 1982 consensit

840 2016 980 2104 ipse
1022 2016 1257 2083 faciem
1284 2016 1517 2084 videre
1546 2016 1849 2106 virginiS,
1882 2018 2187 2106 quamvis
2236 2020 2416 2107 apud
2462 2040 2614 2085 eum
2659 2020 2944 2104 quatuor

839 2117 1053 2199 annis,
1100 2122 1168 2184 et
1214 2140 1292 2185 50
1334 2119 1638 2207 amplius,
1681 2120 1935 2186 reclusa
1978 2120 2223 2188 fuisset.

929 2221 1096 2287 Erat
1124 2243 1360 2309 nempe
1402 2223 1689 2288 oratorio
1721 2223 1885 2289 dicti
1915 2223 2157 2310 Rogeri
2186 2224 2420 2290 domus
2438 2222 2768 2310 contigua,
2793 2241 2942 2306 quae

842 2345 991 2390 cum
1020 2323 1136 2389 1110
1164 2323 1323 2392 fecit
1352 2325 1664 2413 angulum
1697 2326 2156 2412 conjunctione
2186 2348 2320 2393 5115.
2397 2326 2485 2408 Is,
2508 2323 2945 2413 antepositam

842 2425 1092 2492 habens
1151 2448 1356 2492 unam
1431 2427 1751 2508 tabulam,
1814 2432 2078 2515 poterat
2137 2430 2238 2495 ita
2283 2428 2500 2510 celari,
2563 2432 2641 2493 ut
2700 2426 2940 2493 deforis

841 2516 1192 2618 aspicienti
1213 2528 1470 2596 nullum
1501 2529 1785 2595 interius
1814 2529 2042 2597 haberi
2070 2531 2512 2619 persuaderet,
2530 2529 2650 2595 ubi
2678 2532 2939 2594 tantum

839 2632 989 2721 plus
1049 2631 1068 2668 ¹
1089 2631 1309 2720 palmo
1386 2632 1582 2698 semis
1641 2632 1901 2700 inesset.
2018 2633 2102 2699 In
2154 2633 2278 2699 1105
2337 2653 2586 2701 carcere
2646 2631 2941 2717 Rogerus

840 2734 1241 2823 gaudentem
1275 2733 1636 2800 Oristinam
1666 2735 1911 2822 posuit,
1946 2740 2017 2801 et
2062 2736 2361 2803 admovit
2406 2758 2526 2824 pro
2574 2734 2739 2801 ostio
2787 2754 2937 2801 con-

838 2838 1111 2904 veniens
1156 2836 1324 2924 ligni
1377 2838 1596 2915 robur,
1667 2838 1846 2924 quod
1912 2837 2045 2904 fuit
2094 2839 2272 2904 tanti
2350 2837 2675 2925 ponder-ia,
2723 2841 2804 2902 ut
2851 2835 2938 2901 ab
3070 2922 3079 2929 ·

835 2939 1088 3007 inclusa
1131 2938 1510 3005 nullatenus
1569 2939 1926 3023 admoveri,
1988 2940 2131 3007 sive
2206 2939 2552 3023 removeri,
2626 2938 2654 2976 ²
2670 2938 2934 3026 poterit.

836 3043 969 3109 Hic
997 3042 1235 3109 ancilla
1276 3040 1541 3121 Christi,
1575 3046 1886 3123 coartata,
1928 3064 2130 3131 supra
2159 3043 2395 3109 duram
2443 3048 2699 3133 petram
2746 3040 2936 3122 sedit,

833 3150 902 3212 et
929 3145 1257 3233 frigidam,
1285 3165 1496 3231 usque
1527 3144 1614 3210 ad
1644 3144 1888 3233 Rogeri
1931 3146 2206 3225 obitum,
2238 3168 2355 3233 per
2397 3167 2605 3213 annos
2652 3148 2938 3231 quatuor

835 3253 906 3314 et
955 3247 1254 3364 amplius,
1301 3249 1382 3312 ut
1429 3245 1799 3334 praefertur,
1844 3247 2063 3314 latens
2111 3247 2465 3315 heremitas
2517 3247 2823 3334 quinque,
2867 3252 2939 3313 et

836 3372 1061 3417 omnes
1097 3349 1215 3437 qui
1252 3371 1404 3416 cum
1451 3349 1710 3437 Rogero
1763 3349 2013 3438 pariter
2059 3350 2470 3417 habitabant.
2563 3349 2622 3416 Ο
2654 3354 2936 3436 quantas

833 3453 993 3520 illuc
1045 3453 1370 3521 sustinuit
1399 3451 1995 3533 incommoditates,
2039 3458 2242 3521 aestus
2289 3458 2359 3520 et
2410 3453 2688 3540 frigoris,
2744 3451 2937 3518 famis

833 3560 905 3623 et
947 3555 1110 3637 sitis,
1148 3554 1520 3642 jejuniique
1567 3554 1927 3622 cotidiani!
2019 3555 2347 3645 Angustia
2382 3555 2510 3623 loci
2552 3577 2689 3622 non
2726 3555 2936 3642 patie-

831 3658 1031 3725 batur
1059 3680 1206 3724 eam
1236 3656 1479 3723 habere
1508 3661 1970 3745 tegumentum
2002 3658 2459 3739 necessarium,
2491 3678 2640 3724 cum
2670 3657 2932 3744 algeret.

834 3759 1275 3848 Integerrima
1304 3758 1613 3839 clausula,
1661 3782 1809 3825 cum
1856 3760 2205 3842 aestuabat,
2234 3760 2495 3826 nullum
2522 3758 2937 3846 refrigerium

829 3862 1239 3950 indulgebat.
1325 3861 1555 3951 Longa
1598 3862 1826 3928 inedia
1871 3866 2210 3929 contracta
2261 3867 2436 3946 sunt,
2468 3868 2538 3928 et
2598 3868 2934 3943 aruerunt,

832 3966 964 4033 sibi
1005 3965 1344 4054 intestina.
1456 3964 1888 4053 Quandoque,
1949 3987 2070 4055 pro
2130 3965 2278 4031 sitis
2338 3964 2665 4043 ariditate,
2722 3963 2936 4031 frusta

832 4068 1170 4157 sanguinis
1228 4066 1559 4156 coagulati
1628 4089 1714 4134 ex
1787 4067 1928 4154 ejus
1987 4068 2258 4160 naribus
2315 4067 2609 4134 bulliere.
2732 4067 2936 4133 Exire

830 4171 1008 4238 foras
1060 4193 1197 4237 non
1242 4170 1374 4237 nisi
1397 4224 1402 4233 .
1423 4192 1565 4236 sero
1608 4170 1868 4249 licebat,
1897 4170 1985 4236 ad
2036 4192 2114 4237 ea
2140 4193 2289 4259 quae
2333 4176 2580 4236 natura
2612 4171 2930 4261 poposcit,

835 4275 994 4361 quia
1065 4273 1405 4361 nequibat,
1483 4273 1640 4340 licet
1713 4273 1997 4339 instaret
2070 4274 2437 4356 necessitas,
2515 4273 2643 4340 sibi
2718 4274 2928 4363 ipsam

834 4377 1128 4466 aperire3
1172 4381 1243 4443 et
1273 4375 1570 4465 Rogerus
1602 4376 1685 4442 de
1728 4398 1912 4442 more
1955 4376 2281 4457 tardabat,
2327 4377 2425 4444 ita
2453 4377 2631 4465 quod
2676 4398 2934 4443 necesse

899 4606 917 4638 ¹
941 4606 1040 4671 Qy.
1064 4621 1119 4657 as
1140 4612 1193 4657 to
1224 4607 1312 4658 the
1332 4613 1485 4659 exact
1504 4608 1744 4673 meaning
1782 4606 1841 4656 of
1993 4608 2014 4636 '²
2037 4606 2125 4657 Sic
2147 4606 2366 4674 inorig„
2380 4605 2933 4673 correctly“pota·at.”

830 4686 934 4738 this
954 4701 1180 4752 passage.
