3450 5717
1376 1277 2108 1371 APPENDIX
2174 1276 2340 1374 (O).-

929 1607 1057 1664 Tim
1092 1605 1409 1663 Psrvmsn
1443 1618 1511 1661 cr
1548 1602 1710 1742 Pcrss
1749 1599 2029 1743 Offl
2062 1595 2187 1655 ΠΙ.
2225 1608 2297 1653 ro
2329 1605 2443 1651 ειη
2477 1587 2681 1646 Asut
2714 1598 2783 1641 or

1702 1701 1754 1743 r.
2022 1698 2070 1739 s.

1163 1800 1339 1860 From
1358 1795 1490 1858 MS.
1515 1796 1727 1857 cotton.
1755 1793 1910 1852 Nero
1932 1792 2008 1849 D.
2029 1791 2072 1858 i,
2090 1788 2234 1862 fols.
2254 1784 2389 1855 157,
2413 1783 2539 1843 158.

1399 1908 1540 1987 [See
1573 1927 1759 1989 pagos
1792 1907 1920 1977 199,
1958 1904 2086 1977 21¹7,
2122 1899 2299 1979 mita]

1275 2068 1657 2142 Privizeqium
1689 2066 1962 2125 Eoozesiae
1995 2065 2198 2131 samos
2230 2064 2467 2126 Albam.

892 2200 933 2228 ‘⁶
970 2197 1262 2264 Clemens,
1300 2196 1645 2269 Episcopus,
1698 2212 1911 2253 servus
1946 2209 2250 2251 servorum
2289 2192 2427 2260 Dei,
2480 2190 2714 2247 dilectis
2752 2189 2911 2254 filiis,

823 2287 862 2313 ‘⁴
902 2281 1141 2349 Garine,
1166 2280 1385 2339 Abbati
1423 2279 1770 2338 Monasterii
1808 2278 2009 2335 Sancti
2042 2277 2277 2344 Albani,
2326 2278 2576 2351 ejusque
2610 2274 2915 2337 fiais-ibus,

824 2371 863 2397 “
899 2372 1023 2424 tam
1056 2365 1442 2439 praesentibus
1478 2382 1655 2437 quam
1700 2363 1937 2428 futuris,
1991 2362 2341 2435 regularem
2379 2361 2568 2418 vitam
2603 2359 2913 2433 professis,

828 2454 866 2483 ‘⁴
905 2454 967 2508 in
1000 2457 1361 2523 perpetuum
1385 2449 1638 2506 salutem
1674 2452 1739 2503 et
1759 2447 2165 2520 Apostolieam
2200 2445 2686 2503 benedictionem.
2758 2443 2924 2499 Reli-

827 2540 866 2566 “
904 2537 1133 2609 giosam
1166 2535 1352 2593 vitam
1386 2531 1745 2605 eligentibus
1779 2530 2191 2603 Apostolicum
2224 2529 2500 2587 convenit
2532 2529 2737 2585 adesse
2770 2544 2922 2600 prae·

827 2622 867 2648 “
907 2619 1144 2687 sidium,
1200 2636 1275 2674 ne
1323 2617 1474 2673 forte
1524 2615 1847 2688 cujuslibet
1891 2612 2244 2670 temeritatis
2299 2614 2575 2672 incursus
2612 2619 2716 2668 aut
2750 2629 2850 2667 eos
2887 2628 2925 2666 a

831 2706 869 2732 ‘⁶
905 2703 1206 2776 proposito
1238 2706 1491 2766 revocet,
1531 2704 1635 2756 aut
1665 2699 1867 2765 robur,
1910 2697 2090 2769 (quod
2125 2696 2327 2766 absit,)
2381 2716 2566 2755 sacrae
2610 2695 2923 2769 religionis

828 2789 867 2817 “
903 2787 1207 2856 infringet.
1281 2785 1628 2856 Eapropter,
1667 2782 1875 2839 dilecti
1898 2782 1962 2839 in
1984 2782 2237 2838 Domino
2272 2782 2402 2848 filii,
2431 2783 2506 2838 ob
2527 2780 2920 2838 reverentiam

829 2871 869 2899 ‘⁶
908 2869 1078 2924 Beati
1112 2867 1347 2933 Albani,
1373 2866 1618 2938 gloriosi
1656 2864 1992 2938 Anglorum
2027 2866 2511 2936 Protomartyris,
2549 2866 2721 2938 cujus
2757 2882 2925 2921 sanc-

828 2957 867 2983 “
906 2952 1202 3008 tissimum
1269 2968 1481 3022 corpus
1551 2949 1617 3004 in
1674 2948 1807 3005 loco
1863 2955 2064 3006 vestro
2120 2950 2501 3022 requiescere
2573 2948 2920 3012 dinoscitur,

829 3039 867 3067 ‘⁶
903 3036 1398 3109 praedecessorum
1429 3039 1781 3099 nostrorum,
1809 3033 1999 3089 felicis
2034 3035 2358 3101 memoriae,
2398 3034 2635 3099 Oalixti,
2676 3033 2907 3090 Ooeles·

831 3123 869 3149 “
907 3121 1037 3186 tini,
1075 3119 1353 3192 Eugenii,
1389 3117 1654 3182 Adriani,
1693 3116 2036 3183 Alexandri,
2064 3116 2258 3184 Lucii,
2299 3118 2701 3175 Romanorum
2724 3116 2927 3173 Ponti-

832 3207 871 3232 “
910 3204 1106 3270 ficum,
1166 3202 1441 3276 vestigiis
1506 3202 1881 3268 inhaerentes,
1943 3201 2159 3258 vestris
2213 3202 2397 3274 justis
2432 3200 2924 3274 postulationibus

833 3291 876 3317 ‘⁸
910 3288 1232 3344 clementer
1267 3287 1595 3352 annuimus,
1646 3290 1707 3343 et
1753 3287 2179 3342 monasterium
2214 3286 2407 3358 ipsius
2457 3286 2521 3342 in
2557 3305 2674 3359 quo
2726 3285 2925 3341 divino

833 3374 873 3403 “
910 3373 1131 3430 vacatis
1167 3371 1466 3444 obsequio,
1505 3370 1663 3442 quod
1702 3370 1777 3426 ad
1808 3370 1911 3442 jus
1960 3370 2133 3426 Beati
2173 3370 2341 3427 Petri
2384 3371 2723 3443 specialiter
2764 3386 2931 3442 spec-

835 3458 875 3486 “
913 3462 1042 3513 tare
1103 3455 1446 3519 dinoscitur,
1498 3470 1634 3509 oum
1690 3453 2092 3526 adjacentibus
2142 3452 2327 3510 Oellis
2390 3460 2452 3511 et
2503 3454 2812 3521 Ecclesiis,
2871 3458 2934 3508 et

834 3542 874 3571 “
912 3538 1182 3596 omnibus
1220 3538 1418 3594 eidem
1451 3537 1809 3593 monasterio
1840 3537 2294 3609 pertinentibus,
2329 3538 2441 3595 sub
2463 3538 2637 3595 Beati
2659 3537 2825 3594 Petri
2873 3542 2939 3592 et

836 3626 877 3655 “
909 3629 1111 3680 nostra
1142 3621 1503 3695 protectione
1540 3621 1919 3694 suscipimus,
1949 3627 2011 3678 et
2042 3622 2351 3694 praesentis
2378 3623 2585 3695 scripti
2613 3621 2937 3695 privilegio

837 3709 876 3735 “
913 3707 1375 3775 communimus;
1413 3709 1737 3762 statuentes
1772 3710 1843 3761 ut
1875 3705 2156 3763 universa
2180 3724 2314 3778 quae
2338 3706 2595 3763 illustris
2630 3706 2937 3762 memorie

837 3794 877 3821 “
914 3791 1063 3859 offa,
1102 3789 1396 3856 videlicet,
1436 3794 1499 3845 et
1530 3788 1687 3846 filius
1722 3789 1872 3861 ejus,
1900 3789 2206 3862 Egflridus,
2233 3790 2548 3858 Eldredus,
2575 3791 2932 3856 Willelmus,

837 3878 876 3904 ‘⁶
914 3881 976 3931 et
1026 3874 1341 3939 Henricus,
1380 3878 1443 3929 et
1475 3873 1773 3929 Heni-icus
1812 3872 2136 3941 Secundus,
2185 3873 2520 3946 Anglorum
2566 3874 2781 3947 Reges,
2834 3878 2941 3930 aut

838 3962 880 3989 “
910 3959 1015 4015 alii
1048 3959 1270 4023 fideles,
1299 3956 1373 4013 de
1413 3974 1520 4014 suo
1550 3958 1688 4029 jure
1728 3963 1928 4015 vestro
1960 3959 2315 4015 monasterio
2349 3959 2736 4026 contulerunt,
2777 3975 2938 4030 quss-

838 4048 877 4074 “
916 4061 1145 4115 cunque
1197 4042 1376 4100 etiam
1406 4041 1604 4113 ipsum
1654 4043 2080 4099 monasterium
2114 4042 2631 4116 inproesentiarum
2674 4045 2837 4116 juste
2872 4048 2939 4098 et

839 4130 878 4156 “
918 4127 1192 4184 canonice
1242 4123 1525 4199 possidet,
1566 4131 1672 4183 aut
1723 4127 1789 4182 in
1836 4126 2125 4194 futurum,
2164 4127 2539 4184 concessione
2572 4127 2932 4200 mntiflm,

841 4214 879 4239 “
916 4210 1231 4283 largitione
1282 4225 1498 4281 regum
1553 4209 1655 4266 vel
1709 4209 2064 4284 principum,
2121 4211 2419 4268 oblatione
2476 4212 2763 4281 fidelium,
2825 4227 2935 4268 seu

840 4297 879 4323 “
918 4295 1054 4351 aliis
1082 4293 1266 4368 justis
1299 4291 1510 4360 modis,
1535 4300 1886 4365 procurante
1911 4295 2185 4362 Domin0‚
2212 4294 2435 4368 poterit
2468 4296 2740 4371 adipisci,
2762 4295 2939 4353 firma

842 4379 882 4408 ‘⁸
916 4378 1104 4444 vobis,
1117 4377 1450 4450 vestrisque
1487 4379 1944 4446 successoribus,
1984 4384 2047 4435 et
2082 4378 2101 4411 ¹
2127 4379 2377 4448 illibata,
2403 4387 2800 4453 permaneant.
2864 4379 2939 4436 In

842 4462 881 4490 “
921 4462 1135 4535 quibus
1169 4462 1298 4519 hoec
1331 4461 1585 4533 propriis
1621 4461 1899 4521 duximus
1934 4463 2316 4536 exprimenda
2349 4465 2690 4537 vocabulis3
2738 4462 2936 4522 'vide-

906 4648 925 4681 ¹
946 4647 1154 4701 illabata
1173 4650 1229 4701 in
1250 4649 1364 4704 MS.
1939 4654 2082 4724 gina
2102 4655 2236 4710 Note
2256 4656 2311 4708 in
2335 4656 2450 4710 ΜΒ,

902 4728 927 4762 2
947 4729 1036 4780 De
1046 4731 1337 4782 monasterio
1353 4738 1403 4783 et
1412 4729 1847 4788 ecclesium—Mar-
