3450 5717
1071 853 1494 910 nolu-swan
1538 850 1792 909 saxon
1834 846 2120 906 ALBANI.
2534 839 2656 903 155

547 1053 585 1086 “
627 1044 792 1113 dicit
835 1064 910 1111 ΒΘ
953 1042 1200 1110 habere
1244 1042 1321 1108 in
1348 1042 1617 1110 Abbnifl
1661 1045 1732 1111 ot
1778 1039 2072 1109 Eoolesia
2100 1038 2329 1110 Sancti
2359 1038 2659 1108 Albani.”
2740 1057 2948 1121 Bobert,

550 1149 745 1233 Quod
786 1147 1063 1215 audiens
1105 1144 1352 1226 Abbas,
1413 1149 1485 1213 et
1550 1146 1669 1233 qui
1735 1166 1886 1212 cum
1947 1165 2024 1212 eo
2087 1149 2296 1222 erant,
2359 1143 2665 1210 alam-iter
2752 1126 2944 1257 ἐξὲξ,

550 1252 720 1341 Regi
759 1250 1241 1340 responderunt
1266 1253 1412 1330 ;—“
1444 1248 1732 1316 Domine
1775 1248 1946 1331 Rex,
1992 1247 2081 1313 ad
2148 1252 2217 1315 te
2285 1251 2447 1314 sunt
2491 1246 2665 1313 oculi
2777 1256 2914 1312 ΑΙ).

547 1362 586 1394 “
629 1353 860 1421 nostri.
950 1352 1035 1419 In
1064 1357 1135 1420 te
1164 1351 1514 1420 consilium
1543 1356 1895 1434 nostrum,
1946 1352 2150 1439 juxta
2176 1349 2663 1438 beneplacitum
2727 1330 2972 1379 ¹¹⁵¹·⁰⁶·

555 1463 594 1495 “
638 1460 939 1551 vestrum
1011 1460 1285 1523 taxetur
1356 1453 1703 1543 praedium,
1795 1454 2120 1540 deturque
2222 1452 2667 1520 Lincolniensi

557 1564 592 1597 “
638 1550 1015 1648 Episcopo-'⁹
1105 1558 1199 1625 Et
1243 1559 1545 1640 ΕΗΓΔ*
1574 1557 1820 1624 Decem
1880 1556 2200 1623 librarum
2244 1554 2336 1622 sit
2380 1556 2667 1622 aestima-

558 1668 597 1700 “
639 1663 738 1729 tio
781 1661 1022 1750 praedii
1083 1661 1267 1749 quod
1319 1660 1650 1738 offeratur,
1718 1680 1971 1748 nosque
2034 1678 2297 1748 opera-m
2360 1659 2667 1727 dabimus

558 1772 595 1802 “
640 1770 722 1831 ut
764 1761 1220 1852 suscipiatur.”

647 1868 1120 1956 Ingressusque
1180 1866 1414 1933 statim
1479 1865 1815 1955 Capellam
1879 1864 2275 1932 Infirmariae
2343 1860 2670 1932 Westmo·
2694 1888 2804 1939 The
2827 1888 3007 1942 Abbot

558 1971 835 2038 nasterii
895 1970 1046 2037 Rex
1114 1970 1201 2036 ad
1274 1970 1648 2058 Episcopus,
1709 1969 2070 2057 Abba-sque
2145 1973 2215 2035 et
2289 1969 2410 2048 sui,
2457 1989 2667 2035 rema-
2692 1956 2843 2034 offers
2863 1966 2919 2008 ‘⁰

560 2079 795 2141 nentes
837 2074 912 2140 in
948 2074 1093 2161 ipsa
1123 2073 1519 2153 Infirmaria,
1552 2077 1901 2160 eoeperunt
1944 2076 2230 2138 tractare
2275 2071 2357 2137 de
2401 2072 2667 2138 nomine
2690 2037 2897 2151 ἕῖιῖιῖοῗι,
2914 2091 2993 2141 in-

560 2177 810 2266 praedii.
932 2176 1080 2242 Rex
1130 2198 1305 2256 vero,
1380 2197 1464 2241 ex
1533 2180 1724 2264 parte
1797 2174 2084 2241 Abbatis
2155 2174 2435 2240 offerens
2510 2172 2668 2261 Epi-
2691 2159 2933 2277 {²523ss
2956 2248 2969 2260 .

560 2298 751 2366 scopo
790 2277 1234 2344 lincolniensi
1287 2277 1511 2345 decem
1555 2277 1878 2344 librarum
1921 2277 2263 2364 praedium,
2314 2275 2665 2343 exauditus
2691 2290 2859 2341 which
2880 2292 2925 2343 is
2957 2265 2971 2288 ’

562 2386 701 2463 est3
763 2380 1141 2468 Abbasque,
1192 2402 1341 2447 cum
1389 2381 1545 2462 suis,
1596 2385 1874 2446 vocatus
1936 2384 2036 2447 est
2102 2380 2280 2445 infra
2328 2379 2663 2467 Capellam
2688 2356 2995 2490 ffiuffi

565 2502 870 2550 seorsum.
960 2483 1073 2549 Ad
1126 2502 1289 2571 quos
1339 2483 1490 2549 Rex
1535 2482 1696 2571 ipse,
1753 2504 1906 2548 cum
1952 2482 2289 2571 praedictis
2337 2482 2664 2561 accedens,
2694 2491 2752 2542 of
2768 2491 2980 2559 simony.

567 2606 808 2653 nomen
871 2585 1109 2674 praedii
1178 2585 1535 2673 quaerebat.
1674 2584 1906 2651 Abbas
1995 2589 2237 2668 autem,
2324 2589 2672 2652 attentans

568 2689 898 2756 ecclesiam
975 2688 1270 2775 aliquam
1322 2688 1498 2770 dare,
1547 2708 1779 2777 passus
1831 2692 1932 2755 est
1982 2687 2357 2776 repulsam3
2431 2689 2674 2776 species

565 2792 742 2858 enim
799 2791 1105 2879 proxima
1169 2791 1467 2858 simoniae
1542 2790 1913 2873 videbatur,
1988 2791 2145 2857 dare
2208 2791 2317 2857 vel
2388 2791 2675 2879 accipere

567 2894 898 2961 ecclemam
956 2912 1076 2981 pro
1141 2892 1474 2960 libertatis
1523 2886 1995 2981 redemptione.
2086 2894 2383 2960 Tandem
2433 2900 2678 2961 tracta-

567 3002 716 3064 tum
772 3000 875 3062 est
933 2997 1017 3062 de
1069 2997 1510 3063 aestimatione
1579 2998 1816 3085 praedii
1889 2996 2067 3084 quod
2121 2998 2365 3063 dicitur
2442 3002 2477 3033 “
2497 2998 2678 3085 Tyn·

568 3106 605 3136 “
649 3099 915 3182 hurste;
938 3097 972 3125 '³
1036 3103 1106 3164 et
1157 3099 1513 3165 inventum
1552 3105 1654 3166 est
1694 3100 1918 3167 decem
1967 3100 2287 3166 librarum
2328 3120 2482 3181 esse,
2526 3121 2675 3166 cum

569 3202 836 3270 ecclesia
882 3201 1178 3290 ejusdem
1240 3201 1450 3268 fundi.
1571 3198 1820 3269 Volens
1873 3207 2098 3269 autem
2145 3203 2476 3269 Robertus
2528 3203 2669 3269 Ab·
2702 3198 2926 3318 {hegin
2947 3201 3006 3254 of

570 3306 704 3386 bas,
779 3326 927 3371 cum
995 3304 1276 3371 flatrum
1332 3304 1792 3385 universitate,
1847 3305 2047 3372 semel
2116 3327 2158 3370 a
2227 3304 2676 3371 dominatione
2701 3278 2989 3401 igyffnffioe

574 3408 881 3497 Episcopi
959 3408 1453 3491 Lincolniensis,
1517 3412 1587 3475 et
1646 3409 1732 3474 ab
1801 3407 2177 3474 omnimoda
2254 3407 2676 3495 subjectione,
2700 3401 2962 3519 gffirssssilshw

570 3512 853 3593 liberari,
910 3511 1087 3597 (quae
1142 3530 1261 3598 per
1320 3510 1819 3599 simplicitatem
1872 3512 2153 3578 duorum
2196 3511 2487 3577 triumve
2540 3511 2677 3576 Ab·
2701 3535 2813 3584 who
2824 3486 3019 3602 &0033

551 3608 804 3680 «batum
860 3614 1256 3702 obrepserat,
1321 3614 1649 3702 siquidem
1720 3614 1808 3680 ab
1872 3636 1950 3681 eo
1997 3614 2522 3681 benedictionem
2572 3637 2676 3680 ac-
2702 3600 2755 3652 it.

573 3722 897 3804 ceperant,
963 3719 1038 3782 in
1090 3739 1221 3804 qua
1279 3721 1349 3783 et
1406 3717 1874 3805 professionem
1930 3717 2157 3784 fecisse
2222 3716 2673 3807 videbantur,)

575 3826 910 3909 perpetuus
969 3819 1117 3907 paci
1191 3818 1548 3900 consulens,
1627 3826 1698 3887 et
1771 3838 2147 3908 praecavens
2215 3819 2290 3884 in
2364 3818 2683 3899 futurum,

574 3922 877 4011 promisit
951 3922 1135 4009 Regi,
1195 3942 1462 3988 assensu
1535 3922 1817 3989 fratrum
1884 3942 2171 4005 suorum,
2257 3923 2686 4010 unanimique

576 4026 921 4093 voluntate
992 4025 1246 4105 ductus,
1325 4046 1395 4091 se
1478 4024 1790 4092 daturum
1872 4025 2314 4093 Lincolniensi
2385 4025 2687 4092 Ecclesiae

579 4128 806 4195 villam
853 4128 1241 4215 praedictam
1296 4124 1378 4193 de
1426 4127 1823 4214 Tynhurete,
1866 4148 2017 4195 cum
2059 4128 2239 4195 omni
2275 4129 2683 4215 integritate,

579 4250 698 4320 pro
739 4231 1012 4297 mdditu
1044 4231 1268 4297 decem
1311 4229 1635 4297 fibrarum
1680 4233 1888 4298 annui
1928 4250 2159 4300 census
2204 4231 2686 4318 possidendam,

584 4334 906 4401 Residens
952 4334 1180 4421 itaque
1239 4333 1314 4399 in
1372 4333 1515 4400 loco
1574 4354 1693 4400 suo
1754 4335 1920 4415 Rex,
1987 4334 2395 4421 verbumque
2454 4332 2689 4422 praedii

579 4454 979 4525 prosequens
1032 4435 1052 4474 ¹
1076 4436 1163 4502 ad
1206 4439 1465 4524 partem
1509 4436 2056 4519 Lincolniensem,
2109 4436 2361 4524 placuit
2419 4435 2448 4473 ⁹
2461 4437 2689 4525 itaque

586 4544 1031 4612 Lincolniensi
1104 4545 1420 4632 episcope,
1498 4551 1569 4612 et
1636 4546 1942 4613 omnibus
2003 4545 2352 4613 Canonicis
2404 4546 2705 4627 ecclesiae·

653 4807 673 4842 ¹
694 4810 979 4874 &epam-2
1000 4806 1058 4859 in
1078 4804 1193 4861 us.
1216 4804 1355 4860 nm
1376 4804 1444 4862 n.
1467 4805 1502 4860 ι
1608 4806 1621 4876 ι
1711 4776 1927 4876 iem
1947 4806 2154 4863 omittes
2174 4806 2227 4861 in
2248 4806 2436 4863 vm·-
2457 4810 2583 4860 ext.
