3450 5717
900 799 932 831 ἱ

1074 837 1496 890 ΜοΝΑεΤΕΒΠ
1543 837 1790 888 εΑΝσΠ
1835 836 2105 887 ALBAm.
2506 826 2537 887 1
2551 826 2637 889 93

530 1022 791 1105 quenda
847 1021 1063 1104 laude,
1115 1028 1479 1089 memorata
1525 1022 1840 1088 Inventio
1885 1027 1987 1087 est
2036 1025 2427 1087 veneranter
2471 1021 2632 1086 cele·
2724 1014 2917 1078 simon,

529 1122 766 1204 brata3
841 1124 943 1190 ita
1018 1125 1194 1211 quod
1270 1148 1388 1213 per
1463 1125 1865 1211 Martyrium
1943 1124 2137 1190 Beati
2211 1123 2498 1205 Thomas,
2563 1128 2633 1188 et
2720 1084 2915 1211 Αιιξῗξῑ,

455 1250 464 1259 ·
530 1224 990 1293 Inventionem
1058 1227 1285 1294 Sancti
1331 1227 1736 1316 Amphffiali,
1783 1249 1931 1314 quae
1977 1226 2052 1292 in
2095 1248 2231 1292 uno
2290 1226 2631 1313 septennio
2693 1216 2884 1335 1123}
2890 1289 2919 1332 3

527 1329 963 1417 contigerunt,
1026 1333 1113 1407 et,
1171 1335 1467 1418 tempore
1535 1330 1734 1417 hujus
1795 1329 2098 1407 Abbatis,
2168 1329 2633 1416 multiplicatis
2746 1377 2880 1389 -
2924 1321 2937 1334 ”

526 1431 861 1498 miraculis
920 1432 1260 1498 videretur
1320 1433 1632 1499 saeculum
1701 1433 2023 1498 renovari.
2121 1432 2328 1518 Cujus
2390 1431 2634 1498 Inven-

525 1533 730 1599 tionis
782 1534 1016 1600 seriem
1060 1535 1118 1601 si
1164 1535 1315 1622 quis
1368 1535 1597 1601 videre
1639 1534 1989 1613 desiderat,
2030 1536 2335 1601 revolvat
2378 1532 2403 1572 ¹
2428 1535 2633 1600 Chro-

524 1634 677 1700 nica
734 1637 1075 1723 pmsentis
1133 1637 1307 1716 libri,
1366 1658 1575 1724 usque
1636 1636 1731 1707 ad,
1788 1659 2038 1703 annum
2116 1637 2368 1704 Gratiae
2426 1638 2634 1703 mille-

520 1736 762 1803 simum
838 1739 1271 1804 centesimum
1390 1740 1948 1827 septuagesimum
2040 1741 2064 1779 ²
2094 1744 2420 1817 octavum,
2516 1741 2632 1806 ubi

525 1839 735 1924 ipsam
773 1840 1034 1927 plenius
1072 1841 1467 1928 descriptam
1504 1842 1755 1929 poterit
1794 1841 2092 1929 reperire.
2164 1842 2379 1923 Quam
2429 1842 2627 1908 etiam
2651 1858 2816 1910 Proof
2837 1859 2946 1910 that

522 1941 582 2005 si
626 1941 908 2030 diligens
967 1943 1175 2009 lector
1219 1944 1548 2032 inspiciat,
1608 1945 1857 2032 poterit
1915 1944 2378 2011 indubitanter
2435 1945 2626 2011 certi-
2650 1925 2975 2044 ‘gfff

523 2043 708 2109 ficari
770 2046 946 2133 quod
1013 2047 1259 2112 Beatus
1326 2046 1629 2112 Albanus
1672 2048 1748 2112 in
1794 2047 2062 2113 ecclesia
2121 2069 2255 2125 sua,
2303 2047 2443 2113 loco
2489 2070 2626 2113 suae
2648 2069 2776 2111 rests
2800 2062 2851 2111 in

479 2131 844 2231 ‘passionis
887 2148 1184 2228 fundata,
1231 2154 1302 2214 et
1345 2171 1480 2215 non
1527 2149 1708 2230 alibi,
1774 2149 1948 2215 sicut
1993 2149 2328 2215 somniant
2380 2150 2626 2236 Elyen-
2646 2125 2860 2247 {1223

522 2270 643 2327 ses,
689 2251 1054 2337 requiescit.
1149 2251 1281 2332 Qui
1311 2251 1551 2317 abinde
1601 2251 1833 2329 exivit,
1864 2273 2013 2317 cum
2054 2252 2185 2318 iret
2232 2251 2317 2316 ad
2358 2252 2625 2317 domum

523 2348 552 2386 ³
576 2350 874 2432 Roberti,
927 2360 1008 2419 ut
1051 2376 1203 2420 eum
1252 2354 1678 2421 Redburnam
1743 2353 2031 2434 duceret,
2075 2355 2156 2420 de
2201 2354 2343 2421 loco
2390 2355 2635 2421 Inven-

521 2452 725 2519 tionis
754 2441 1227 2537 erudiendum3
1259 2462 1347 2537 et,
1367 2461 1517 2543 post
1538 2457 1633 2521 rei
1662 2456 2002 2534 indicium,
2028 2456 2245 2544 ipsum
2271 2457 2636 2523 Robertum

523 2557 875 2624 reduceret.
968 2557 1062 2623 Et
1108 2580 1259 2624 cum
1304 2559 1617 2626 venirent
1661 2565 1821 2625 ante
1865 2559 2224 2637 ecclesiam,
2256 2560 2518 2645 Martyr
2561 2561 2636 2626 in

523 2679 713 2725 suam
756 2682 826 2727 se
870 2661 1119 2749 recepit
1165 2661 1455 2740 domum,
1499 2666 1570 2728 et
1618 2661 1968 2743 Robertus‚
1999 2662 2376 2729 valedicens
2422 2663 2503 2740 ei,
2547 2662 2633 2726 ad

523 2782 711 2827 suam
756 2763 1091 2849 processit.

992 2977 1094 3045 De
1136 2977 1600 3091 myliyentiisz
1641 2986 1702 3046 et
1746 2986 1958 3047 'morte
2003 2979 2162 3067 ejus.

611 3103 743 3171 Sed
791 3105 950 3190 quia
1000 3128 1137 3171 non
1182 3106 1361 3172 vivit
1418 3106 1616 3172 homo
1677 3129 1875 3194 super
1933 3113 2196 3186 terram,
2241 3128 2362 3174 nec
2420 3107 2624 3173 etiam
2645 3108 2816 3173 Negli-

520 3205 740 3272 infans
786 3207 983 3273 unius
1038 3209 1186 3288 diei,
1233 3209 1375 3274 sine
1429 3209 1843 3289 offendiculo,
1895 3232 2142 3276 errores
2194 3209 2417 3297 ipsius,
2466 3210 2624 3296 quia
2642 3191 2825 3294 ῗζξξξ
2846 3178 2905 3227 of

520 3316 822 3396 respectu
893 3302 1216 3377 bonorum
1294 3333 1565 3399 operum
1655 3334 1922 3377 suorum
1998 3311 2246 3389 breves,
2333 3311 2626 3377 breviter
2648 3310 2837 3362 Simon.

518 3416 1057 3480 transcurramus.
1151 3412 1463 3493 Moriem,
1511 3413 1920 3478 Abbathiam
1979 3435 2165 3479 suam
2224 3435 2354 3479 aere
2413 3413 2627 3479 alieno
2648 3438 2731 3488 He
2752 3439 2913 3489 leaves

519 3514 882 3603 obligatam
942 3516 1296 3604 plusquam
1372 3517 1651 3582 secentis
1726 3517 1967 3582 marcis
2044 3522 2271 3583 contra
2336 3515 2385 3581 J
2388 3517 2629 3595 udaeos,
2648 3506 2941 3623 {323³sz

520 3616 661 3682 sine
719 3618 868 3684 aliis
927 3618 1190 3699 debitis,
1250 3640 1400 3706 quae
1470 3618 1555 3683 ad
1616 3618 2047 3684 ducentarum
2132 3640 2498 3685 marcarum
2558 3625 2629 3685 et

521 3719 806 3806 amplius
852 3742 1176 3786 summam
1223 3726 1678 3801 excreverunt,
1713 3721 2080 3808 dereliquit.
2173 3720 2375 3786 Unde
2404 3722 2627 3787 Aaron
2650 3721 2807 3772 Boast
2828 3722 2888 3773 of

520 3821 818 3903 Judaeus,
899 3824 1018 3910 qui
1092 3845 1214 3890 nos
1297 3824 1518 3890 tenuit
1595 3824 1724 3890 sibi
1800 3824 2143 3911 obligatos,
2207 3824 2293 3889 ad
2339 3823 2628 3889 Domum
2649 3789 2844 3907 :egem
2866 3790 2951 3842 ¹¹²²

524 3922 754 3991 Sancti
815 3925 1085 4006 Albani,
1148 3928 1222 3992 in
1281 3926 1590 4014 superbia
1647 3948 1894 4014 magna
1952 3932 2020 3992 et
2070 3926 2421 4013 jactantia,
2483 3948 2632 3992 cum

587 4155 604 4186 ¹
628 4154 755 4205 This
776 4154 820 4207 is
849 4170 894 4206 a·
914 4155 1169 4208 reference
1202 4162 1258 4207 to
1293 4156 1380 4207 the
1401 4154 1530 4206 His·
1625 4172 1720 4208 one
1744 4158 1844 4207 and
1866 4155 1953 4207 the
1973 4171 2110 4207 same
2132 4157 2350 4207 volume.

526 4233 652 4284 toria
673 4233 854 4299 Major
875 4235 933 4286 of
948 4235 1198 4287 Matthew
1219 4235 1381 4293 Paris,
1413 4236 1531 4285 bor-
1689 4234 1712 4267 ²
1733 4236 1982 4300 septimun·
2005 4235 2059 4285 in
2075 4234 2190 4286 MS.
2213 4233 2453 4286 Claudius
2466 4233 2525 4287 Ε.
2542 4234 2632 4295 iv.;

522 4313 692 4364 rowcd
725 4314 913 4380 mostly
935 4314 1019 4378 (in
1055 4314 1145 4365 the
1182 4314 1362 4366 earlier
1393 4315 1533 4379 part)
1627 4315 1887 4377 corrected
1909 4314 2037 4365 from
2058 4314 2172 4365 MS.
2194 4314 2330 4365 Nero
2351 4314 2417 4365 D.
2434 4313 2466 4366 i.

523 4392 654 4442 stom
707 4392 881 4459 Roget
926 4393 986 4444 of
1024 4394 1328 4446 Wendover.
1424 4393 1535 4444 The
1692 4393 1715 4426 ³
1740 4395 1837 4446 See
1877 4394 1963 4446 the
1999 4401 2213 4445 account
2235 4393 2296 4444 of
2323 4393 2397 4445 St.
2420 4395 2636 4445 Alban's

524 4470 742 4537 original
790 4487 922 4539 copy
980 4473 1043 4524 of
1081 4472 1161 4525 his
1212 4472 1371 4524 Gesta
1426 4472 1534 4523 Ab·
1627 4488 1938 4540 appearance
1980 4478 2037 4523 to
2075 4471 2176 4523 this
2208 4472 2414 4534 Roberss
2450 4473 2504 4523 in
2550 4473 2637 4524 the

522 4549 685 4601 banna
728 4551 841 4615 (the
877 4552 991 4604 first
1025 4554 1116 4618 23)
1157 4554 1257 4604 and
1289 4552 1375 4604 the
1408 4551 1535 4603 His-
1629 4551 1861 4603 Historia
1894 4549 2084 4616 Major,
2122 4552 2281 4603 above
2316 4551 2529 4604 referred
2563 4561 2635 4616 to,

525 4630 656 4679 toria
692 4629 875 4697 Major
919 4646 1053 4683 were
1097 4633 1344 4698 probably
1383 4631 1540 4683 either
1630 4630 1721 4683 sub
1745 4635 2043 4684 ann0117s.

523 4709 737 4769 written.
755 4725 814 4761 or
834 4711 1073 4764 intended
1094 4719 1147 4764 to
1163 4714 1227 4764 be
1249 4711 1466 4773 written,
1482 4710 1537 4761 in
