<?xml version="1.0" encoding="UTF-8"?>
<!DOCTYPE html PUBLIC "-//W3C//DTD XHTML 1.0 Transitional//EN"
    "http://www.w3.org/TR/xhtml1/DTD/xhtml1-transitional.dtd">
<html xmlns="http://www.w3.org/1999/xhtml" xml:lang="en" lang="en">
 <head>
  <title>
</title>
<meta http-equiv="Content-Type" content="text/html;charset=utf-8" />
  <meta name='ocr-system' content='tesseract 3.04.00' />
  <meta name='ocr-capabilities' content='ocr_page ocr_carea ocr_par ocr_line ocrx_word'/>
</head>
<body>
  <div class='ocr_page' id='page_1' title='image "./gestaabbatummon00rilegoog_0042.png"; bbox 0 0 3450 5717; ppageno 0'>
   <div class='ocr_carea' id='block_1_1' title="bbox 493 1031 767 1150">
    <p class='ocr_par' dir='ltr' id='par_1_1' title="bbox 493 1031 767 1150">
     <span class='ocr_line' id='line_1_1' title="bbox 494 1031 764 1097; baseline 0 -15"><span class='ocrx_word' id='word_1_1' title='bbox 494 1031 764 1097; x_wconf 78' lang='lat' dir='ltr'>Willegod¹</span> 
     </span>
     <span class='ocr_line' id='line_1_2' title="bbox 493 1098 767 1150; baseline -0.004 0"><span class='ocrx_word' id='word_1_2' title='bbox 493 1104 569 1150; x_wconf 83' lang='lat' dir='ltr'>lst</span> <span class='ocrx_word' id='word_1_3' title='bbox 579 1098 767 1150; x_wconf 82' lang='lat' dir='ltr'>Abbot.</span> 
     </span>
    </p>
   </div>
   <div class='ocr_carea' id='block_1_2' title="bbox 803 821 2119 884">
    <p class='ocr_par' dir='ltr' id='par_1_2' title="bbox 803 821 2119 884">
     <span class='ocr_line' id='line_1_3' title="bbox 803 821 2119 884; baseline 0 0"><span class='ocrx_word' id='word_1_4' title='bbox 803 821 845 884; x_wconf 88' lang='grc'>8</span> <span class='ocrx_word' id='word_1_5' title='bbox 1535 831 1748 883; x_wconf 69' lang='lat' dir='ltr'>orsu</span> <span class='ocrx_word' id='word_1_6' title='bbox 1789 830 2119 884; x_wconf 57' lang='lat' dir='ltr'>assarum</span> 
     </span>
    </p>
   </div>
   <div class='ocr_carea' id='block_1_3' title="bbox 805 1019 2904 1111">
    <p class='ocr_par' dir='ltr' id='par_1_3' title="bbox 805 1019 2904 1111">
     <span class='ocr_line' id='line_1_4' title="bbox 805 1019 2904 1111; baseline 0 -25"><span class='ocrx_word' id='word_1_7' title='bbox 805 1021 1011 1086; x_wconf 87' lang='lat' dir='ltr'>simus</span> <span class='ocrx_word' id='word_1_8' title='bbox 1040 1020 1276 1086; x_wconf 85' lang='lat' dir='ltr'>fuisset</span> <span class='ocrx_word' id='word_1_9' title='bbox 1319 1019 1393 1085; x_wconf 92' lang='lat' dir='ltr'>in</span> <span class='ocrx_word' id='word_1_10' title='bbox 1438 1019 1660 1102; x_wconf 84' lang='lat' dir='ltr'>armis,</span> <span class='ocrx_word' id='word_1_11' title='bbox 1705 1041 1972 1109; x_wconf 89' lang='lat' dir='ltr'>corpore</span> <span class='ocrx_word' id='word_1_12' title='bbox 2016 1020 2229 1088; x_wconf 84' lang='lat' dir='ltr'>alacer</span> <span class='ocrx_word' id='word_1_13' title='bbox 2273 1027 2343 1088; x_wconf 94' lang='lat' dir='ltr'>et</span> <span class='ocrx_word' id='word_1_14' title='bbox 2370 1026 2791 1111; x_wconf 68' lang='lat' dir='ltr'><strong>propagatae,</strong></span> <span class='ocrx_word' id='word_1_15' title='bbox 2833 1024 2904 1088; x_wconf 90' lang='lat' dir='ltr'>et</span> 
     </span>
    </p>
   </div>
   <div class='ocr_carea' id='block_1_4' title="bbox 805 1117 2904 1213">
    <p class='ocr_par' dir='ltr' id='par_1_4' title="bbox 805 1117 2904 1213">
     <span class='ocr_line' id='line_1_5' title="bbox 805 1117 2904 1213; baseline 0.001 -25"><span class='ocrx_word' id='word_1_16' title='bbox 805 1145 879 1188; x_wconf 87' lang='lat' dir='ltr'>m</span> <span class='ocrx_word' id='word_1_17' title='bbox 925 1123 1144 1189; x_wconf 87' lang='lat' dir='ltr'>dubiis</span> <span class='ocrx_word' id='word_1_18' title='bbox 1187 1122 1442 1188; x_wconf 78' lang='lat' dir='ltr'><strong>casibus</strong></span> <span class='ocrx_word' id='word_1_19' title='bbox 1487 1117 1724 1205; x_wconf 80' lang='lat' dir='ltr'>audax,</span> <span class='ocrx_word' id='word_1_20' title='bbox 1773 1128 1842 1189; x_wconf 92' lang='lat' dir='ltr'>et</span> <span class='ocrx_word' id='word_1_21' title='bbox 1889 1122 2080 1191; x_wconf 88' lang='lat' dir='ltr'>¹cum</span> <span class='ocrx_word' id='word_1_22' title='bbox 2125 1124 2517 1193; x_wconf 74' lang='lat' dir='ltr'>discretione</span> <span class='ocrx_word' id='word_1_23' title='bbox 2561 1126 2904 1213; x_wconf 88' lang='lat' dir='ltr'>imperter-</span> 
     </span>
    </p>
   </div>
   <div class='ocr_carea' id='block_1_5' title="bbox 473 1226 2900 1316">
    <p class='ocr_par' dir='ltr' id='par_1_5' title="bbox 473 1226 2900 1316">
     <span class='ocr_line' id='line_1_6' title="bbox 473 1226 2900 1316; baseline 0.002 -28"><span class='ocrx_word' id='word_1_24' title='bbox 473 1232 710 1296; x_wconf 76' lang='lat' dir='ltr'>Exploits</span> <span class='ocrx_word' id='word_1_25' title='bbox 732 1230 790 1282; x_wconf 81' lang='lat' dir='ltr'>of</span> <span class='ocrx_word' id='word_1_26' title='bbox 806 1226 992 1307; x_wconf 75' lang='lat' dir='ltr'>ritae,</span> <span class='ocrx_word' id='word_1_27' title='bbox 1024 1226 1273 1313; x_wconf 87' lang='lat' dir='ltr'>fugatis</span> <span class='ocrx_word' id='word_1_28' title='bbox 1316 1226 1712 1312; x_wconf 86' lang='lat' dir='ltr'>quibusdam</span> <span class='ocrx_word' id='word_1_29' title='bbox 1758 1226 1982 1292; x_wconf 87' lang='lat' dir='ltr'>nothis</span> <span class='ocrx_word' id='word_1_30' title='bbox 2026 1228 2287 1313; x_wconf 84' lang='lat' dir='ltr'>regulis,</span> <span class='ocrx_word' id='word_1_31' title='bbox 2333 1229 2450 1314; x_wconf 90' lang='lat' dir='ltr'>qui</span> <span class='ocrx_word' id='word_1_32' title='bbox 2493 1234 2738 1294; x_wconf 82' lang='lat' dir='ltr'>terram</span> <span class='ocrx_word' id='word_1_33' title='bbox 2781 1249 2900 1316; x_wconf 90' lang='lat' dir='ltr'>pro</span> 
     </span>
    </p>
   </div>
   <div class='ocr_carea' id='block_1_6' title="bbox 475 1299 768 1365">
    <p class='ocr_par' dir='ltr' id='par_1_6' title="bbox 475 1299 768 1365">
     <span class='ocr_line' id='line_1_7' title="bbox 475 1299 768 1365; baseline 0.007 -16"><span class='ocrx_word' id='word_1_34' title='bbox 475 1299 768 1365; x_wconf 80' lang='lat' dir='ltr'>KingOffa.</span> 
     </span>
    </p>
   </div>
   <div class='ocr_carea' id='block_1_7' title="bbox 474 2373 717 2503">
    <p class='ocr_par' dir='ltr' id='par_1_7' title="bbox 474 2373 717 2503">
     <span class='ocr_line' id='line_1_8' title="bbox 475 2373 717 2453; baseline 0 -30"><span class='ocrx_word' id='word_1_35' title='bbox 475 2373 574 2424; x_wconf 81' lang='lat' dir='ltr'>His</span> <span class='ocrx_word' id='word_1_36' title='bbox 593 2389 717 2453; x_wconf 67' lang='lat' dir='ltr'>con-</span> 
     </span>
     <span class='ocr_line' id='line_1_9' title="bbox 474 2455 692 2503; baseline 0.009 -14"><span class='ocrx_word' id='word_1_37' title='bbox 474 2455 692 2503; x_wconf 72' lang='lat' dir='ltr'>version,</span> 
     </span>
    </p>
   </div>
   <div class='ocr_carea' id='block_1_8' title="bbox 474 2507 778 2559">
    <p class='ocr_par' dir='ltr' id='par_1_8' title="bbox 474 2507 778 2559">
     <span class='ocr_line' id='line_1_10' title="bbox 474 2507 778 2559; baseline 0.007 -2"><span class='ocrx_word' id='word_1_38' title='bbox 474 2508 574 2557; x_wconf 78' lang='lat' dir='ltr'>and</span> <span class='ocrx_word' id='word_1_39' title='bbox 595 2507 778 2559; x_wconf 75' lang='lat' dir='ltr'>Inven-</span> 
     </span>
    </p>
   </div>
   <div class='ocr_carea' id='block_1_9' title="bbox 804 1328 2903 2547">
    <p class='ocr_par' dir='ltr' id='par_1_9' title="bbox 804 1328 2903 2547">
     <span class='ocr_line' id='line_1_11' title="bbox 804 1328 2899 1417; baseline 0.002 -24"><span class='ocrx_word' id='word_1_40' title='bbox 804 1351 1047 1416; x_wconf 87' lang='lat' dir='ltr'>magna</span> <span class='ocrx_word' id='word_1_41' title='bbox 1088 1333 1279 1416; x_wconf 86' lang='lat' dir='ltr'>parte</span> <span class='ocrx_word' id='word_1_42' title='bbox 1323 1328 1350 1366; x_wconf 76' lang='lat'>²</span> <span class='ocrx_word' id='word_1_43' title='bbox 1372 1350 1492 1417; x_wconf 90' lang='lat' dir='ltr'>pro</span> <span class='ocrx_word' id='word_1_44' title='bbox 1551 1328 1796 1395; x_wconf 85' lang='lat' dir='ltr'>inertia</span> <span class='ocrx_word' id='word_1_45' title='bbox 1837 1328 2045 1416; x_wconf 85' lang='lat' dir='ltr'>patris</span> <span class='ocrx_word' id='word_1_46' title='bbox 2088 1329 2213 1408; x_wconf 88' lang='lat' dir='ltr'>sui,</span> <span class='ocrx_word' id='word_1_47' title='bbox 2256 1331 2665 1410; x_wconf 69' lang='lat' dir='ltr'><strong>senescentia,</strong></span> <span class='ocrx_word' id='word_1_48' title='bbox 2714 1351 2899 1397; x_wconf 90' lang='lat' dir='ltr'><strong>occu-</strong></span> 
     </span>
     <span class='ocr_line' id='line_1_12' title="bbox 806 1429 2898 1521; baseline 0 -25"><span class='ocrx_word' id='word_1_49' title='bbox 806 1435 1143 1520; x_wconf 79' lang='lat' dir='ltr'>paverant,</span> <span class='ocrx_word' id='word_1_50' title='bbox 1187 1429 1215 1469; x_wconf 79' lang='lat'><strong>⁸</strong></span> <span class='ocrx_word' id='word_1_51' title='bbox 1230 1431 1557 1519; x_wconf 73' lang='lat' dir='ltr'>affugatiS‚</span> <span class='ocrx_word' id='word_1_52' title='bbox 1602 1436 1833 1519; x_wconf 80' lang='lat' dir='ltr'>postea</span> <span class='ocrx_word' id='word_1_53' title='bbox 1874 1433 2085 1498; x_wconf 90' lang='lat' dir='ltr'>totius</span> <span class='ocrx_word' id='word_1_54' title='bbox 2128 1431 2433 1498; x_wconf 85' lang='lat' dir='ltr'>Albionis</span> <span class='ocrx_word' id='word_1_55' title='bbox 2478 1438 2547 1499; x_wconf 93' lang='lat' dir='ltr'>et</span> <span class='ocrx_word' id='word_1_56' title='bbox 2609 1434 2898 1521; x_wconf 87' lang='lat' dir='ltr'>partium</span> 
     </span>
     <span class='ocr_line' id='line_1_13' title="bbox 807 1534 2901 1621; baseline 0 -21"><span class='ocrx_word' id='word_1_57' title='bbox 807 1535 1251 1619; x_wconf 86' lang='lat' dir='ltr'>adjacentium</span> <span class='ocrx_word' id='word_1_58' title='bbox 1298 1539 1618 1621; x_wconf 84' lang='lat' dir='ltr'>‘potenter</span> <span class='ocrx_word' id='word_1_59' title='bbox 1693 1534 1990 1602; x_wconf 73' lang='lat' dir='ltr'>obtinuit</span> <span class='ocrx_word' id='word_1_60' title='bbox 2053 1536 2512 1602; x_wconf 84' lang='lat' dir='ltr'>monarchiam.</span> <span class='ocrx_word' id='word_1_61' title='bbox 2603 1541 2630 1572; x_wconf 67' lang='lat'><strong>⁴</strong></span> <span class='ocrx_word' id='word_1_62' title='bbox 2654 1535 2901 1601; x_wconf 88' lang='lat' dir='ltr'>Beorn-</span> 
     </span>
     <span class='ocr_line' id='line_1_14' title="bbox 807 1636 2899 1724; baseline 0 -22"><span class='ocrx_word' id='word_1_63' title='bbox 807 1637 965 1702; x_wconf 86' lang='lat' dir='ltr'>redo</span> <span class='ocrx_word' id='word_1_64' title='bbox 1040 1638 1216 1703; x_wconf 90' lang='lat' dir='ltr'>enim</span> <span class='ocrx_word' id='word_1_65' title='bbox 1290 1644 1648 1724; x_wconf 85' lang='lat' dir='ltr'>perempto,</span> <span class='ocrx_word' id='word_1_66' title='bbox 1710 1637 2097 1718; x_wconf 88' lang='lat' dir='ltr'>Kentenses,</span> <span class='ocrx_word' id='word_1_67' title='bbox 2160 1636 2684 1716; x_wconf 79' lang='lat' dir='ltr'>west-Saxones,</span> <span class='ocrx_word' id='word_1_68' title='bbox 2745 1637 2899 1703; x_wconf 87' lang='lat' dir='ltr'>Est-</span> 
     </span>
     <span class='ocr_line' id='line_1_15' title="bbox 809 1738 2899 1826; baseline 0.001 -21"><span class='ocrx_word' id='word_1_69' title='bbox 809 1738 1122 1817; x_wconf 81' lang='lat' dir='ltr'>Saxones‚</span> <span class='ocrx_word' id='word_1_70' title='bbox 1182 1738 1607 1826; x_wconf 85' lang='lat' dir='ltr'>Est-Anglos,</span> <span class='ocrx_word' id='word_1_71' title='bbox 1670 1743 1752 1805; x_wconf 88' lang='lat' dir='ltr'>et</span> <span class='ocrx_word' id='word_1_72' title='bbox 1821 1738 2563 1822; x_wconf 82' lang='lat' dir='ltr'>Northamhumbranos,</span> <span class='ocrx_word' id='word_1_73' title='bbox 2631 1739 2704 1805; x_wconf 91' lang='lat' dir='ltr'>in</span> <span class='ocrx_word' id='word_1_74' title='bbox 2787 1762 2899 1807; x_wconf 90' lang='lat' dir='ltr'>ore</span> 
     </span>
     <span class='ocr_line' id='line_1_16' title="bbox 807 1840 2898 1930; baseline 0.001 -24"><span class='ocrx_word' id='word_1_75' title='bbox 807 1842 1012 1930; x_wconf 81' lang='lat' dir='ltr'>gladii</span> <span class='ocrx_word' id='word_1_76' title='bbox 1041 1841 1429 1928; x_wconf 80' lang='lat' dir='ltr'>profugavit.</span> <span class='ocrx_word' id='word_1_77' title='bbox 1524 1840 1722 1907; x_wconf 85' lang='lat' dir='ltr'><strong>Unde</strong></span> <span class='ocrx_word' id='word_1_78' title='bbox 1750 1847 1980 1930; x_wconf 79' lang='lat' dir='ltr'>postea</span> <span class='ocrx_word' id='word_1_79' title='bbox 2007 1846 2224 1907; x_wconf 85' lang='lat' dir='ltr'>tactus</span> <span class='ocrx_word' id='word_1_80' title='bbox 2269 1842 2526 1929; x_wconf 88' lang='lat' dir='ltr'>spiritu,</span> <span class='ocrx_word' id='word_1_81' title='bbox 2560 1846 2630 1908; x_wconf 85' lang='lat' dir='ltr'>et</span> <span class='ocrx_word' id='word_1_82' title='bbox 2659 1843 2898 1909; x_wconf 85' lang='lat' dir='ltr'>ductus</span> 
     </span>
     <span class='ocr_line' id='line_1_17' title="bbox 808 1943 2902 2031; baseline 0.001 -23"><span class='ocrx_word' id='word_1_83' title='bbox 808 1944 1224 2030; x_wconf 81' lang='lat' dir='ltr'>poenitentia,</span> <span class='ocrx_word' id='word_1_84' title='bbox 1269 1964 1387 2031; x_wconf 90' lang='lat' dir='ltr'>pro</span> <span class='ocrx_word' id='word_1_85' title='bbox 1432 1950 1650 2031; x_wconf 78' lang='lat' dir='ltr'><strong>strage</strong></span> <span class='ocrx_word' id='word_1_86' title='bbox 1696 1943 1906 2009; x_wconf 89' lang='lat' dir='ltr'>nimia</span> <span class='ocrx_word' id='word_1_87' title='bbox 1948 1965 2143 2031; x_wconf 85' lang='lat' dir='ltr'>quam</span> <span class='ocrx_word' id='word_1_88' title='bbox 2191 1949 2588 2024; x_wconf 82' lang='lat' dir='ltr'>exercuerat,</span> <span class='ocrx_word' id='word_1_89' title='bbox 2636 1951 2707 2011; x_wconf 93' lang='lat' dir='ltr'>et</span> <span class='ocrx_word' id='word_1_90' title='bbox 2753 1967 2902 2011; x_wconf 88' lang='lat' dir='ltr'>san-</span> 
     </span>
     <span class='ocr_line' id='line_1_18' title="bbox 807 2046 2902 2133; baseline 0.001 -23"><span class='ocrx_word' id='word_1_91' title='bbox 807 2047 1007 2133; x_wconf 88' lang='lat' dir='ltr'>guine</span> <span class='ocrx_word' id='word_1_92' title='bbox 1066 2046 1353 2111; x_wconf 87' lang='lat' dir='ltr'>humano</span> <span class='ocrx_word' id='word_1_93' title='bbox 1413 2066 1609 2132; x_wconf 89' lang='lat' dir='ltr'>quem</span> <span class='ocrx_word' id='word_1_94' title='bbox 1670 2046 1951 2126; x_wconf 84' lang='lat' dir='ltr'>fuderat,</span> <span class='ocrx_word' id='word_1_95' title='bbox 2016 2067 2275 2112; x_wconf 81' lang='lat' dir='ltr'><strong>necnon</strong></span> <span class='ocrx_word' id='word_1_96' title='bbox 2336 2052 2405 2113; x_wconf 92' lang='lat' dir='ltr'>et</span> <span class='ocrx_word' id='word_1_97' title='bbox 2469 2047 2789 2114; x_wconf 89' lang='lat' dir='ltr'>incendiis</span> <span class='ocrx_word' id='word_1_98' title='bbox 2832 2055 2902 2114; x_wconf 88' lang='lat' dir='ltr'>et</span> 
     </span>
     <span class='ocr_line' id='line_1_19' title="bbox 810 2148 2903 2238; baseline 0 -22"><span class='ocrx_word' id='word_1_99' title='bbox 810 2148 956 2216; x_wconf 80' lang='lat' dir='ltr'>aliis</span> <span class='ocrx_word' id='word_1_100' title='bbox 1020 2148 1432 2214; x_wconf 83' lang='lat' dir='ltr'>exterminiis</span> <span class='ocrx_word' id='word_1_101' title='bbox 1491 2169 1643 2234; x_wconf 87' lang='lat' dir='ltr'>quae</span> <span class='ocrx_word' id='word_1_102' title='bbox 1712 2148 1929 2214; x_wconf 88' lang='lat' dir='ltr'>solent</span> <span class='ocrx_word' id='word_1_103' title='bbox 1993 2148 2168 2214; x_wconf 90' lang='lat' dir='ltr'>bello</span> <span class='ocrx_word' id='word_1_104' title='bbox 2229 2150 2608 2236; x_wconf 85' lang='lat' dir='ltr'>perpetrari,</span> <span class='ocrx_word' id='word_1_105' title='bbox 2669 2150 2903 2238; x_wconf 88' lang='lat' dir='ltr'>dignos</span> 
     </span>
     <span class='ocr_line' id='line_1_20' title="bbox 808 2254 2900 2342; baseline 0.001 -22"><span class='ocrx_word' id='word_1_106' title='bbox 808 2254 964 2342; x_wconf 87' lang='lat' dir='ltr'>egit,</span> <span class='ocrx_word' id='word_1_107' title='bbox 1011 2254 1461 2320; x_wconf 81' lang='lat' dir='ltr'>admonitione</span> <span class='ocrx_word' id='word_1_108' title='bbox 1502 2259 1573 2320; x_wconf 90' lang='lat' dir='ltr'>et</span> <span class='ocrx_word' id='word_1_109' title='bbox 1611 2254 1965 2341; x_wconf 83' lang='lat' dir='ltr'>&#39;disciplina</span> <span class='ocrx_word' id='word_1_110' title='bbox 1991 2254 2330 2341; x_wconf 84' lang='lat' dir='ltr'>cujusdam</span> <span class='ocrx_word' id='word_1_111' title='bbox 2361 2255 2604 2335; x_wconf 80' lang='lat' dir='ltr'>Sancti,</span> <span class='ocrx_word' id='word_1_112' title='bbox 2648 2255 2900 2323; x_wconf 88' lang='lat' dir='ltr'>fructus</span> 
     </span>
     <span class='ocr_line' id='line_1_21' title="bbox 807 2354 2900 2443; baseline 0.001 -20"><span class='ocrx_word' id='word_1_113' title='bbox 807 2357 1234 2443; x_wconf 72' lang='lat' dir='ltr'>poenitentiae.</span> <span class='ocrx_word' id='word_1_114' title='bbox 1328 2355 1527 2422; x_wconf 78' lang='lat' dir='ltr'>‘Unde</span> <span class='ocrx_word' id='word_1_115' title='bbox 1557 2362 1837 2423; x_wconf 86' lang='lat' dir='ltr'>vocante</span> <span class='ocrx_word' id='word_1_116' title='bbox 1866 2356 1983 2435; x_wconf 89' lang='lat' dir='ltr'>Eo,</span> <span class='ocrx_word' id='word_1_117' title='bbox 2017 2363 2053 2392; x_wconf 86' lang='lat'><strong>“</strong></span> <span class='ocrx_word' id='word_1_118' title='bbox 2071 2356 2203 2437; x_wconf 82' lang='lat' dir='ltr'>Qui</span> <span class='ocrx_word' id='word_1_119' title='bbox 2222 2354 2249 2393; x_wconf 76' lang='lat'><strong><em>⁵</em></strong></span> <span class='ocrx_word' id='word_1_120' title='bbox 2276 2379 2413 2423; x_wconf 93' lang='lat' dir='ltr'>non</span> <span class='ocrx_word' id='word_1_121' title='bbox 2440 2357 2592 2423; x_wconf 85' lang='lat' dir='ltr'>vult</span> <span class='ocrx_word' id='word_1_122' title='bbox 2620 2363 2900 2425; x_wconf 86' lang='lat' dir='ltr'>mortem</span> 
     </span>
     <span class='ocr_line' id='line_1_22' title="bbox 807 2458 2902 2547; baseline 0.001 -22"><span class='ocrx_word' id='word_1_123' title='bbox 807 2468 844 2497; x_wconf 89' lang='lat'><em>“</em></span> <span class='ocrx_word' id='word_1_124' title='bbox 886 2459 1259 2547; x_wconf 86' lang='lat' dir='ltr'>peccatoris,</span> <span class='ocrx_word' id='word_1_125' title='bbox 1291 2460 1405 2525; x_wconf 90' lang='lat' dir='ltr'>sed</span> <span class='ocrx_word' id='word_1_126' title='bbox 1458 2465 1538 2525; x_wconf 85' lang='lat' dir='ltr'>ut</span> <span class='ocrx_word' id='word_1_127' title='bbox 1581 2460 1791 2546; x_wconf 83' lang='lat' dir='ltr'>magis</span> <span class='ocrx_word' id='word_1_128' title='bbox 1824 2481 2173 2526; x_wconf 88' lang='lat' dir='ltr'>conversus</span> <span class='ocrx_word' id='word_1_129' title='bbox 2209 2458 2456 2541; x_wconf 83' lang='lat' dir='ltr'>vivat,&#39;&#39;</span> <span class='ocrx_word' id='word_1_130' title='bbox 2498 2460 2744 2526; x_wconf 85' lang='lat' dir='ltr'>amicus</span> <span class='ocrx_word' id='word_1_131' title='bbox 2772 2462 2902 2528; x_wconf 92' lang='lat' dir='ltr'>Dei</span> 
     </span>
    </p>
   </div>
   <div class='ocr_carea' id='block_1_10' title="bbox 472 2561 2901 2648">
    <p class='ocr_par' dir='ltr' id='par_1_10' title="bbox 472 2561 2901 2648">
     <span class='ocr_line' id='line_1_23' title="bbox 472 2561 2901 2648; baseline 0.003 -26"><span class='ocrx_word' id='word_1_132' title='bbox 472 2573 580 2623; x_wconf 81' lang='lat' dir='ltr'>tion</span> <span class='ocrx_word' id='word_1_133' title='bbox 604 2574 667 2623; x_wconf 83' lang='lat' dir='ltr'>of</span> <span class='ocrx_word' id='word_1_134' title='bbox 678 2574 764 2625; x_wconf 81' lang='lat' dir='ltr'>the</span> <span class='ocrx_word' id='word_1_135' title='bbox 805 2563 1075 2630; x_wconf 85' lang='lat' dir='ltr'>effectus</span> <span class='ocrx_word' id='word_1_136' title='bbox 1102 2568 1247 2642; x_wconf 84' lang='lat' dir='ltr'>est3</span> <span class='ocrx_word' id='word_1_137' title='bbox 1292 2561 1456 2627; x_wconf 83' lang='lat' dir='ltr'>adeo</span> <span class='ocrx_word' id='word_1_138' title='bbox 1501 2561 1671 2648; x_wconf 89' lang='lat' dir='ltr'>quod</span> <span class='ocrx_word' id='word_1_139' title='bbox 1720 2561 2013 2648; x_wconf 86' lang='lat' dir='ltr'>angelico</span> <span class='ocrx_word' id='word_1_140' title='bbox 2059 2562 2317 2628; x_wconf 76' lang='lat' dir='ltr'>oraculo</span> <span class='ocrx_word' id='word_1_141' title='bbox 2370 2563 2450 2628; x_wconf 91' lang='lat' dir='ltr'>de</span> <span class='ocrx_word' id='word_1_142' title='bbox 2505 2562 2901 2631; x_wconf 86' lang='lat' dir='ltr'>Inventione</span> 
     </span>
    </p>
   </div>
   <div class='ocr_carea' id='block_1_11' title="bbox 472 2639 781 2705">
    <p class='ocr_par' dir='ltr' id='par_1_11' title="bbox 472 2639 781 2705">
     <span class='ocr_line' id='line_1_24' title="bbox 472 2639 781 2705; baseline 0.016 -17"><span class='ocrx_word' id='word_1_143' title='bbox 472 2639 781 2705; x_wconf 75' lang='lat' dir='ltr'>bodyofSt.</span> 
     </span>
    </p>
   </div>
   <div class='ocr_carea' id='block_1_12' title="bbox 473 2706 659 2759">
    <p class='ocr_par' dir='ltr' id='par_1_12' title="bbox 473 2706 659 2759">
     <span class='ocr_line' id='line_1_25' title="bbox 473 2706 659 2759; baseline 0.022 -4"><span class='ocrx_word' id='word_1_144' title='bbox 473 2706 659 2759; x_wconf 79' lang='lat' dir='ltr'>Alban.</span> 
     </span>
    </p>
   </div>
   <div class='ocr_carea' id='block_1_13' title="bbox 529 3495 726 3556">
    <p class='ocr_par' dir='ltr' id='par_1_13' title="bbox 529 3495 726 3556">
     <span class='ocr_line' id='line_1_26' title="bbox 529 3495 726 3556; baseline 0.005 -10"><span class='ocrx_word' id='word_1_145' title='bbox 529 3495 726 3556; x_wconf 74' lang='lat' dir='ltr'>Eadric,</span> 
     </span>
    </p>
   </div>
   <div class='ocr_carea' id='block_1_14' title="bbox 477 3563 784 3625">
    <p class='ocr_par' dir='ltr' id='par_1_14' title="bbox 477 3563 784 3625">
     <span class='ocr_line' id='line_1_27' title="bbox 477 3563 784 3625; baseline 0.01 -13"><span class='ocrx_word' id='word_1_146' title='bbox 477 3564 580 3612; x_wconf 80' lang='lat' dir='ltr'>2nd</span> <span class='ocrx_word' id='word_1_147' title='bbox 594 3563 784 3625; x_wconf 81' lang='lat' dir='ltr'>Abbot,</span> 
     </span>
    </p>
   </div>
   <div class='ocr_carea' id='block_1_15' title="bbox 491 3629 764 3681">
    <p class='ocr_par' dir='ltr' id='par_1_15' title="bbox 491 3629 764 3681">
     <span class='ocr_line' id='line_1_28' title="bbox 491 3629 764 3681; baseline 0.007 -2"><span class='ocrx_word' id='word_1_148' title='bbox 491 3629 626 3680; x_wconf 83' lang='lat' dir='ltr'>A.D.</span> <span class='ocrx_word' id='word_1_149' title='bbox 652 3632 764 3681; x_wconf 80' lang='lat'><strong>796.</strong></span> 
     </span>
    </p>
   </div>
   <div class='ocr_carea' id='block_1_16' title="bbox 804 2663 2897 2957">
    <p class='ocr_par' dir='ltr' id='par_1_16' title="bbox 804 2663 2897 2957">
     <span class='ocr_line' id='line_1_29' title="bbox 807 2663 2897 2751; baseline 0.001 -21"><span class='ocrx_word' id='word_1_150' title='bbox 807 2665 998 2730; x_wconf 82' lang='lat' dir='ltr'>Beati</span> <span class='ocrx_word' id='word_1_151' title='bbox 1030 2664 1294 2741; x_wconf 88' lang='lat' dir='ltr'>Albani,</span> <span class='ocrx_word' id='word_1_152' title='bbox 1342 2663 1707 2751; x_wconf 88' lang='lat' dir='ltr'>Anglorum</span> <span class='ocrx_word' id='word_1_153' title='bbox 1753 2664 2283 2748; x_wconf 83' lang='lat' dir='ltr'>Protomartyris,</span> <span class='ocrx_word' id='word_1_154' title='bbox 2317 2665 2433 2751; x_wconf 89' lang='lat' dir='ltr'>qui</span> <span class='ocrx_word' id='word_1_155' title='bbox 2478 2665 2594 2731; x_wconf 92' lang='lat' dir='ltr'>diu</span> <span class='ocrx_word' id='word_1_156' title='bbox 2640 2666 2711 2731; x_wconf 90' lang='lat' dir='ltr'>in</span> <span class='ocrx_word' id='word_1_157' title='bbox 2756 2666 2897 2732; x_wconf 91' lang='lat' dir='ltr'>loco</span> 
     </span>
     <span class='ocr_line' id='line_1_30' title="bbox 804 2765 2897 2855; baseline 0.001 -23"><span class='ocrx_word' id='word_1_158' title='bbox 804 2767 1140 2855; x_wconf 88' lang='lat' dir='ltr'>incognito</span> <span class='ocrx_word' id='word_1_159' title='bbox 1177 2766 1475 2853; x_wconf 87' lang='lat' dir='ltr'>jacuerat</span> <span class='ocrx_word' id='word_1_160' title='bbox 1519 2765 1919 2853; x_wconf 89' lang='lat' dir='ltr'>ignobiliter,</span> <span class='ocrx_word' id='word_1_161' title='bbox 1950 2767 2194 2832; x_wconf 90' lang='lat' dir='ltr'>meruit</span> <span class='ocrx_word' id='word_1_162' title='bbox 2223 2765 2496 2847; x_wconf 85' lang='lat' dir='ltr'>edoceri,</span> <span class='ocrx_word' id='word_1_163' title='bbox 2529 2772 2597 2833; x_wconf 94' lang='lat' dir='ltr'>et</span> <span class='ocrx_word' id='word_1_164' title='bbox 2628 2767 2897 2834; x_wconf 89' lang='lat' dir='ltr'>domum</span> 
     </span>
     <span class='ocr_line' id='line_1_31' title="bbox 806 2865 2496 2957; baseline 0 -22"><span class='ocrx_word' id='word_1_165' title='bbox 806 2869 934 2935; x_wconf 92' lang='lat' dir='ltr'>Dei</span> <span class='ocrx_word' id='word_1_166' title='bbox 984 2868 1346 2957; x_wconf 78' lang='lat' dir='ltr'>magnifice,</span> <span class='ocrx_word' id='word_1_167' title='bbox 1391 2872 1470 2933; x_wconf 87' lang='lat' dir='ltr'>ut</span> <span class='ocrx_word' id='word_1_168' title='bbox 1512 2865 1540 2906; x_wconf 77' lang='lat'><strong>⁶</strong></span> <span class='ocrx_word' id='word_1_169' title='bbox 1554 2873 1948 2957; x_wconf 66' lang='lat' dir='ltr'>praetactum</span> <span class='ocrx_word' id='word_1_170' title='bbox 1994 2874 2111 2947; x_wconf 89' lang='lat' dir='ltr'>est,</span> <span class='ocrx_word' id='word_1_171' title='bbox 2159 2868 2496 2935; x_wconf 66' lang='lat' dir='ltr'>aedificare.</span> 
     </span>
    </p>
   </div>
   <div class='ocr_carea' id='block_1_17' title="bbox 805 3129 2903 3424">
    <p class='ocr_par' dir='ltr' id='par_1_17' title="bbox 805 3129 2903 3424">
     <span class='ocr_line' id='line_1_32' title="bbox 805 3129 2903 3217; baseline 0 -19"><span class='ocrx_word' id='word_1_172' title='bbox 805 3132 1160 3213; x_wconf 64' lang='grc' dir='ltr'><em>Εαοῑφὶουθ,</em></span> <span class='ocrx_word' id='word_1_173' title='bbox 1205 3131 1558 3200; x_wconf 75' lang='lat' dir='ltr'>secundus.</span> <span class='ocrx_word' id='word_1_174' title='bbox 1676 3131 1776 3197; x_wconf 82' lang='lat' dir='ltr'>De</span> <span class='ocrx_word' id='word_1_175' title='bbox 1798 3129 2231 3217; x_wconf 71' lang='lat' dir='ltr'>proefectione</span> <span class='ocrx_word' id='word_1_176' title='bbox 2284 3130 2579 3199; x_wconf 73' lang='lat' dir='ltr'>Eadrici</span> <span class='ocrx_word' id='word_1_177' title='bbox 2628 3132 2717 3199; x_wconf 68' lang='lat' dir='ltr'>‘im</span> <span class='ocrx_word' id='word_1_178' title='bbox 2763 3132 2903 3199; x_wconf 81' lang='lat' dir='ltr'>Ab·</span> 
     </span>
     <span class='ocr_line' id='line_1_33' title="bbox 986 3230 2901 3313; baseline 0.001 -13"><span class='ocrx_word' id='word_1_179' title='bbox 986 3233 1200 3301; x_wconf 82' lang='lat' dir='ltr'>batem</span> <span class='ocrx_word' id='word_1_180' title='bbox 1244 3230 1484 3302; x_wconf 69' lang='lat' dir='ltr'>Sancti</span> <span class='ocrx_word' id='word_1_181' title='bbox 1525 3231 1837 3311; x_wconf 69' lang='lat' dir='ltr'>Albani3</span> <span class='ocrx_word' id='word_1_182' title='bbox 1899 3244 1961 3299; x_wconf 77' lang='lat' dir='ltr'>ct</span> <span class='ocrx_word' id='word_1_183' title='bbox 1990 3232 2072 3300; x_wconf 79' lang='lat' dir='ltr'>de</span> <span class='ocrx_word' id='word_1_184' title='bbox 2100 3233 2417 3312; x_wconf 70' lang='lat' dir='ltr'>moribus,</span> <span class='ocrx_word' id='word_1_185' title='bbox 2460 3233 2674 3313; x_wconf 50' lang='lat' dir='ltr'>view,</span> <span class='ocrx_word' id='word_1_186' title='bbox 2718 3241 2778 3302; x_wconf 76' lang='lat' dir='ltr'>et</span> <span class='ocrx_word' id='word_1_187' title='bbox 2819 3235 2901 3303; x_wconf 75' lang='lat' dir='ltr'>dc</span> 
     </span>
     <span class='ocr_line' id='line_1_34' title="bbox 983 3335 1547 3424; baseline -0.004 -20"><span class='ocrx_word' id='word_1_188' title='bbox 983 3345 1196 3404; x_wconf 61' lang='lat' dir='ltr'>‘morto</span> <span class='ocrx_word' id='word_1_189' title='bbox 1239 3335 1547 3424; x_wconf 77' lang='lat' dir='ltr'>ejusdem.</span> 
     </span>
    </p>
   </div>
   <div class='ocr_carea' id='block_1_18' title="bbox 803 3477 2902 3874">
    <p class='ocr_par' dir='ltr' id='par_1_18' title="bbox 803 3477 2902 3874">
     <span class='ocr_line' id='line_1_35' title="bbox 895 3477 2901 3559; baseline 0 -14"><span class='ocrx_word' id='word_1_190' title='bbox 895 3479 1212 3546; x_wconf 86' lang='lat' dir='ltr'>Eadricus</span> <span class='ocrx_word' id='word_1_191' title='bbox 1263 3480 1417 3546; x_wconf 91' lang='lat' dir='ltr'>huic</span> <span class='ocrx_word' id='word_1_192' title='bbox 1467 3480 1788 3559; x_wconf 87' lang='lat' dir='ltr'>successit,</span> <span class='ocrx_word' id='word_1_193' title='bbox 1837 3478 2065 3545; x_wconf 77' lang='lat' dir='ltr'>Abbas</span> <span class='ocrx_word' id='word_1_194' title='bbox 2111 3477 2406 3545; x_wconf 85' lang='lat' dir='ltr'>eximius.</span> <span class='ocrx_word' id='word_1_195' title='bbox 2498 3477 2631 3544; x_wconf 88' lang='lat' dir='ltr'>Hic</span> <span class='ocrx_word' id='word_1_196' title='bbox 2674 3479 2901 3545; x_wconf 90' lang='lat' dir='ltr'>eodem</span> 
     </span>
     <span class='ocr_line' id='line_1_36' title="bbox 803 3581 2900 3670; baseline 0 -22"><span class='ocrx_word' id='word_1_197' title='bbox 803 3604 978 3648; x_wconf 87' lang='lat' dir='ltr'>anno</span> <span class='ocrx_word' id='word_1_198' title='bbox 1007 3604 1136 3669; x_wconf 90' lang='lat' dir='ltr'>quo</span> <span class='ocrx_word' id='word_1_199' title='bbox 1181 3583 1427 3648; x_wconf 82' lang='lat' dir='ltr'>sublati</span> <span class='ocrx_word' id='word_1_200' title='bbox 1469 3588 1627 3648; x_wconf 88' lang='lat' dir='ltr'>sunt</span> <span class='ocrx_word' id='word_1_201' title='bbox 1670 3583 1753 3648; x_wconf 91' lang='lat' dir='ltr'>de</span> <span class='ocrx_word' id='word_1_202' title='bbox 1797 3582 2014 3648; x_wconf 92' lang='lat' dir='ltr'>medio</span> <span class='ocrx_word' id='word_1_203' title='bbox 2046 3582 2192 3647; x_wconf 83' lang='lat' dir='ltr'>Rex</span> <span class='ocrx_word' id='word_1_204' title='bbox 2220 3581 2368 3648; x_wconf 79' lang='lat' dir='ltr'>offa</span> <span class='ocrx_word' id='word_1_205' title='bbox 2395 3586 2465 3648; x_wconf 89' lang='lat' dir='ltr'>et</span> <span class='ocrx_word' id='word_1_206' title='bbox 2494 3581 2900 3670; x_wconf 88' lang='lat' dir='ltr'>Willegodus</span> 
     </span>
     <span class='ocr_line' id='line_1_37' title="bbox 803 3682 2902 3772; baseline -0.001 -22"><span class='ocrx_word' id='word_1_207' title='bbox 803 3685 1049 3762; x_wconf 78' lang='lat' dir='ltr'><strong>Abbas,</strong></span> <span class='ocrx_word' id='word_1_208' title='bbox 1094 3684 1176 3750; x_wconf 90' lang='lat' dir='ltr'>de</span> <span class='ocrx_word' id='word_1_209' title='bbox 1218 3685 1466 3772; x_wconf 87' lang='lat' dir='ltr'>gremio</span> <span class='ocrx_word' id='word_1_210' title='bbox 1496 3684 1780 3750; x_wconf 70' lang='lat' dir='ltr'>ecclesiae</span> <span class='ocrx_word' id='word_1_211' title='bbox 1812 3706 1949 3750; x_wconf 84' lang='lat' dir='ltr'>suae</span> <span class='ocrx_word' id='word_1_212' title='bbox 2001 3684 2245 3749; x_wconf 88' lang='lat' dir='ltr'>electus</span> <span class='ocrx_word' id='word_1_213' title='bbox 2290 3688 2407 3763; x_wconf 86' lang='lat' dir='ltr'>est,</span> <span class='ocrx_word' id='word_1_214' title='bbox 2454 3686 2525 3748; x_wconf 92' lang='lat' dir='ltr'>et</span> <span class='ocrx_word' id='word_1_215' title='bbox 2566 3682 2640 3747; x_wconf 93' lang='lat' dir='ltr'>in</span> <span class='ocrx_word' id='word_1_216' title='bbox 2684 3684 2902 3750; x_wconf 88' lang='lat' dir='ltr'>sedem</span> 
     </span>
     <span class='ocr_line' id='line_1_38' title="bbox 804 3785 2900 3874; baseline 0 -23"><span class='ocrx_word' id='word_1_217' title='bbox 804 3785 1196 3874; x_wconf 86' lang='lat' dir='ltr'>pastoralem</span> <span class='ocrx_word' id='word_1_218' title='bbox 1239 3785 1647 3865; x_wconf 84' lang='lat' dir='ltr'>sublimatus,</span> <span class='ocrx_word' id='word_1_219' title='bbox 1678 3786 1821 3850; x_wconf 90' lang='lat' dir='ltr'>sine</span> <span class='ocrx_word' id='word_1_220' title='bbox 1863 3807 2068 3851; x_wconf 79' lang='lat' dir='ltr'>morse</span> <span class='ocrx_word' id='word_1_221' title='bbox 2099 3785 2441 3872; x_wconf 89' lang='lat' dir='ltr'>dispendio</span> <span class='ocrx_word' id='word_1_222' title='bbox 2485 3789 2555 3851; x_wconf 89' lang='lat' dir='ltr'>et</span> <span class='ocrx_word' id='word_1_223' title='bbox 2596 3785 2900 3852; x_wconf 85' lang='lat' dir='ltr'>scandalo</span> 
     </span>
    </p>
   </div>
   <div class='ocr_carea' id='block_1_19' title="bbox 708 3877 2904 3976">
    <p class='ocr_par' dir='ltr' id='par_1_19' title="bbox 708 3877 2904 3976">
     <span class='ocr_line' id='line_1_39' title="bbox 708 3877 2904 3976; baseline 0 -23"><span class='ocrx_word' id='word_1_224' title='bbox 708 3877 719 3891; x_wconf 54' lang='lat'>⁸</span> <span class='ocrx_word' id='word_1_225' title='bbox 805 3887 1236 3968; x_wconf 85' lang='lat' dir='ltr'>schismatis3</span> <span class='ocrx_word' id='word_1_226' title='bbox 1343 3886 1545 3973; x_wconf 82' lang='lat' dir='ltr'>juxta</span> <span class='ocrx_word' id='word_1_227' title='bbox 1616 3886 2006 3973; x_wconf 88' lang='lat' dir='ltr'>petitionem</span> <span class='ocrx_word' id='word_1_228' title='bbox 2084 3886 2629 3953; x_wconf 85' lang='lat' dir='ltr'>Christianissimi</span> <span class='ocrx_word' id='word_1_229' title='bbox 2706 3888 2904 3976; x_wconf 86' lang='lat' dir='ltr'>Regis</span> 
     </span>
    </p>
   </div>
   <div class='ocr_carea' id='block_1_20' title="bbox 803 3987 2906 4283">
    <p class='ocr_par' dir='ltr' id='par_1_20' title="bbox 803 3987 2906 4283">
     <span class='ocr_line' id='line_1_40' title="bbox 809 3987 2906 4077; baseline 0 -21"><span class='ocrx_word' id='word_1_230' title='bbox 809 3990 994 4069; x_wconf 84' lang='lat' dir='ltr'><strong>Offae,</strong></span> <span class='ocrx_word' id='word_1_231' title='bbox 1041 3989 1175 4076; x_wconf 88' lang='lat' dir='ltr'>qui,</span> <span class='ocrx_word' id='word_1_232' title='bbox 1222 3987 1382 4054; x_wconf 91' lang='lat' dir='ltr'>dum</span> <span class='ocrx_word' id='word_1_233' title='bbox 1426 3989 1704 4068; x_wconf 85' lang='lat' dir='ltr'>viveret,</span> <span class='ocrx_word' id='word_1_234' title='bbox 1753 4010 1924 4076; x_wconf 76' lang='lat' dir='ltr'>saepe</span> <span class='ocrx_word' id='word_1_235' title='bbox 1967 4010 2043 4054; x_wconf 85' lang='lat' dir='ltr'>ac</span> <span class='ocrx_word' id='word_1_236' title='bbox 2105 3988 2456 4077; x_wconf 79' lang='lat' dir='ltr'>diligenter</span> <span class='ocrx_word' id='word_1_237' title='bbox 2520 3989 2906 4058; x_wconf 84' lang='lat' dir='ltr'>exhortatus</span> 
     </span>
     <span class='ocr_line' id='line_1_41' title="bbox 807 4091 2905 4179; baseline 0 -21"><span class='ocrx_word' id='word_1_238' title='bbox 807 4097 924 4172; x_wconf 80' lang='lat' dir='ltr'>est,</span> <span class='ocrx_word' id='word_1_239' title='bbox 976 4113 1059 4157; x_wconf 90' lang='lat' dir='ltr'>ne</span> <span class='ocrx_word' id='word_1_240' title='bbox 1102 4113 1397 4178; x_wconf 84' lang='lat' dir='ltr'>unquam</span> <span class='ocrx_word' id='word_1_241' title='bbox 1447 4091 1533 4157; x_wconf 87' lang='lat' dir='ltr'>ab</span> <span class='ocrx_word' id='word_1_242' title='bbox 1586 4091 1860 4159; x_wconf 84' lang='lat' dir='ltr'>alterius</span> <span class='ocrx_word' id='word_1_243' title='bbox 1902 4091 2187 4157; x_wconf 73' lang='lat' dir='ltr'>ecclesiae</span> <span class='ocrx_word' id='word_1_244' title='bbox 2231 4092 2733 4179; x_wconf 85' lang='lat' dir='ltr'>congregatione</span> <span class='ocrx_word' id='word_1_245' title='bbox 2776 4093 2905 4160; x_wconf 87' lang='lat' dir='ltr'>sibi</span> 
     </span>
     <span class='ocr_line' id='line_1_42' title="bbox 803 4193 2905 4283; baseline 0 -22"><span class='ocrx_word' id='word_1_246' title='bbox 803 4199 1130 4282; x_wconf 86' lang='lat' dir='ltr'>pastorem</span> <span class='ocrx_word' id='word_1_247' title='bbox 1171 4194 1502 4282; x_wconf 86' lang='lat' dir='ltr'>eligerent,</span> <span class='ocrx_word' id='word_1_248' title='bbox 1548 4193 1664 4260; x_wconf 87' lang='lat' dir='ltr'>sed</span> <span class='ocrx_word' id='word_1_249' title='bbox 1708 4193 1851 4261; x_wconf 88' lang='lat' dir='ltr'>sine</span> <span class='ocrx_word' id='word_1_250' title='bbox 1895 4215 2152 4260; x_wconf 86' lang='lat' dir='ltr'>morosa</span> <span class='ocrx_word' id='word_1_251' title='bbox 2191 4216 2269 4260; x_wconf 84' lang='lat' dir='ltr'>ac</span> <span class='ocrx_word' id='word_1_252' title='bbox 2312 4194 2628 4261; x_wconf 89' lang='lat' dir='ltr'>damnosa</span> <span class='ocrx_word' id='word_1_253' title='bbox 2671 4217 2905 4283; x_wconf 83' lang='lat' dir='ltr'>expec-</span> 
     </span>
    </p>
   </div>
   <div class='ocr_carea' id='block_1_21' title="bbox 806 4467 2903 4693">
    <p class='ocr_par' dir='ltr' id='par_1_21' title="bbox 806 4467 2903 4693">
     <span class='ocr_line' id='line_1_43' title="bbox 876 4467 2903 4525; baseline 0.002 -5"><span class='ocrx_word' id='word_1_254' title='bbox 876 4472 890 4502; x_wconf 87' lang='lat'>¹</span> <span class='ocrx_word' id='word_1_255' title='bbox 913 4485 1021 4520; x_wconf 80' lang='lat' dir='ltr'>cum</span> <span class='ocrx_word' id='word_1_256' title='bbox 1040 4467 1242 4520; x_wconf 85' lang='lat' dir='ltr'>omitted</span> <span class='ocrx_word' id='word_1_257' title='bbox 1262 4467 1317 4517; x_wconf 87' lang='lat' dir='ltr'>in</span> <span class='ocrx_word' id='word_1_258' title='bbox 1339 4468 1452 4521; x_wconf 83' lang='lat' dir='ltr'>MS.</span> <span class='ocrx_word' id='word_1_259' title='bbox 1475 4470 1611 4521; x_wconf 84' lang='lat' dir='ltr'>Nero</span> <span class='ocrx_word' id='word_1_260' title='bbox 1634 4469 1701 4520; x_wconf 88' lang='lat' dir='ltr'>D.</span> <span class='ocrx_word' id='word_1_261' title='bbox 1724 4468 1759 4519; x_wconf 90' lang='lat' dir='ltr'>i.</span> <span class='ocrx_word' id='word_1_262' title='bbox 1965 4471 1986 4500; x_wconf 82' lang='lat'><strong>⁴</strong></span> <span class='ocrx_word' id='word_1_263' title='bbox 2003 4469 2270 4521; x_wconf 77' lang='lat' dir='ltr'>Boemredo</span> <span class='ocrx_word' id='word_1_264' title='bbox 2305 4470 2358 4520; x_wconf 89' lang='lat' dir='ltr'>in</span> <span class='ocrx_word' id='word_1_265' title='bbox 2403 4470 2513 4522; x_wconf 78' lang='lat' dir='ltr'>MS.</span> <span class='ocrx_word' id='word_1_266' title='bbox 2561 4471 2795 4524; x_wconf 81' lang='lat' dir='ltr'>Claudius</span> <span class='ocrx_word' id='word_1_267' title='bbox 2840 4474 2903 4525; x_wconf 78' lang='lat' dir='ltr'>E.</span> 
     </span>
     <span class='ocr_line' id='line_1_44' title="bbox 873 4547 2877 4614; baseline 0.003 -15"><span class='ocrx_word' id='word_1_268' title='bbox 873 4551 894 4580; x_wconf 78' lang='lat'>²</span> <span class='ocrx_word' id='word_1_269' title='bbox 907 4565 1002 4614; x_wconf 69' lang='lat' dir='ltr'>per</span> <span class='ocrx_word' id='word_1_270' title='bbox 1024 4548 1249 4599; x_wconf 76' lang='lat' dir='ltr'>inertiam</span> <span class='ocrx_word' id='word_1_271' title='bbox 1261 4549 1432 4614; x_wconf 69' lang='lat' dir='ltr'>patris</span> <span class='ocrx_word' id='word_1_272' title='bbox 1467 4549 1521 4598; x_wconf 87' lang='lat' dir='ltr'>in</span> <span class='ocrx_word' id='word_1_273' title='bbox 1540 4548 1653 4600; x_wconf 83' lang='lat' dir='ltr'>MS.</span> <span class='ocrx_word' id='word_1_274' title='bbox 1670 4548 1809 4600; x_wconf 81' lang='lat' dir='ltr'>Nero</span> <span class='ocrx_word' id='word_1_275' title='bbox 1890 4547 1958 4599; x_wconf 78' lang='lat' dir='ltr'>iv.</span> <span class='ocrx_word' id='word_1_276' title='bbox 1982 4569 1997 4609; x_wconf 79' lang='lat'>3</span> <span class='ocrx_word' id='word_1_277' title='bbox 2031 4547 2324 4599; x_wconf 75' lang='lat' dir='ltr'>Beormredo</span> <span class='ocrx_word' id='word_1_278' title='bbox 2355 4548 2411 4599; x_wconf 90' lang='lat' dir='ltr'>in</span> <span class='ocrx_word' id='word_1_279' title='bbox 2444 4549 2557 4602; x_wconf 80' lang='lat' dir='ltr'>MS.</span> <span class='ocrx_word' id='word_1_280' title='bbox 2593 4551 2731 4603; x_wconf 87' lang='lat' dir='ltr'>Nero</span> <span class='ocrx_word' id='word_1_281' title='bbox 2752 4552 2821 4605; x_wconf 87' lang='lat' dir='ltr'>D.</span> <span class='ocrx_word' id='word_1_282' title='bbox 2842 4554 2877 4606; x_wconf 86' lang='lat' dir='ltr'>i.</span> 
     </span>
     <span class='ocr_line' id='line_1_45' title="bbox 806 4625 2794 4693; baseline 0.002 -15"><span class='ocrx_word' id='word_1_283' title='bbox 806 4627 874 4679; x_wconf 90' lang='lat' dir='ltr'>D.</span> <span class='ocrx_word' id='word_1_284' title='bbox 898 4628 931 4678; x_wconf 88' lang='lat' dir='ltr'>i.</span> <span class='ocrx_word' id='word_1_285' title='bbox 958 4647 972 4687; x_wconf 68' lang='grc' dir='ltr'><strong>ς</strong></span> <span class='ocrx_word' id='word_1_286' title='bbox 1008 4643 1091 4693; x_wconf 79' lang='lat' dir='ltr'>qy.</span> <span class='ocrx_word' id='word_1_287' title='bbox 1114 4626 1166 4676; x_wconf 80' lang='lat' dir='ltr'>if</span> <span class='ocrx_word' id='word_1_288' title='bbox 1189 4633 1280 4677; x_wconf 86' lang='lat' dir='ltr'>not</span> <span class='ocrx_word' id='word_1_289' title='bbox 1293 4644 1391 4693; x_wconf 85' lang='lat' dir='ltr'>per</span> <span class='ocrx_word' id='word_1_290' title='bbox 1412 4625 1672 4679; x_wconf 78' lang='lat' dir='ltr'>Mer-ciam.</span> <span class='ocrx_word' id='word_1_291' title='bbox 1953 4627 1976 4661; x_wconf 77' lang='lat'><strong>⁶</strong></span> <span class='ocrx_word' id='word_1_292' title='bbox 1999 4627 2205 4679; x_wconf 67' lang='lat' dir='ltr'>Ezekiel</span> <span class='ocrx_word' id='word_1_293' title='bbox 2223 4627 2362 4680; x_wconf 80' lang='lat' dir='ltr'>xviii.</span> <span class='ocrx_word' id='word_1_294' title='bbox 2382 4635 2480 4691; x_wconf 80' lang='lat'>323</span> <span class='ocrx_word' id='word_1_295' title='bbox 2504 4630 2686 4682; x_wconf 80' lang='lat' dir='ltr'>xxxiii.</span> <span class='ocrx_word' id='word_1_296' title='bbox 2718 4637 2794 4683; x_wconf 85' lang='lat'>11.</span> 
     </span>
    </p>
   </div>
   <div class='ocr_carea' id='block_1_22' title="bbox 806 4695 2802 4839">
    <p class='ocr_par' dir='ltr' id='par_1_22' title="bbox 806 4695 2802 4839">
     <span class='ocr_line' id='line_1_46' title="bbox 806 4695 2802 4837; baseline 0.014 -100"><span class='ocrx_word' id='word_1_297' title='bbox 806 4786 846 4837; x_wconf 67' lang='lat' dir='ltr'>fl</span> <span class='ocrx_word' id='word_1_298' title='bbox 873 4695 1045 4759; x_wconf 65' lang='lat' dir='ltr'>a&#39;Tffi„</span> <span class='ocrx_word' id='word_1_299' title='bbox 1066 4707 1206 4781; x_wconf 56' lang='grc' dir='ltr'><strong>ποι-ᾳ</strong></span> <span class='ocrx_word' id='word_1_300' title='bbox 1227 4715 1434 4774; x_wconf 71' lang='lat' dir='ltr'>appears</span> <span class='ocrx_word' id='word_1_301' title='bbox 1456 4714 1510 4758; x_wconf 86' lang='lat' dir='ltr'>to</span> <span class='ocrx_word' id='word_1_302' title='bbox 1532 4707 1596 4758; x_wconf 79' lang='lat' dir='ltr'>be</span> <span class='ocrx_word' id='word_1_303' title='bbox 1634 4722 1809 4773; x_wconf 83' lang='lat' dir='ltr'>super·</span> <span class='ocrx_word' id='word_1_304' title='bbox 1958 4706 1979 4739; x_wconf 83' lang='lat'>⁶</span> <span class='ocrx_word' id='word_1_305' title='bbox 1994 4707 2280 4773; x_wconf 56' lang='lat' dir='ltr'>praedictum</span> <span class='ocrx_word' id='word_1_306' title='bbox 2300 4707 2354 4759; x_wconf 89' lang='lat' dir='ltr'>in</span> <span class='ocrx_word' id='word_1_307' title='bbox 2378 4707 2489 4760; x_wconf 83' lang='lat' dir='ltr'>MS.</span> <span class='ocrx_word' id='word_1_308' title='bbox 2511 4709 2649 4762; x_wconf 88' lang='lat' dir='ltr'>Nero</span> <span class='ocrx_word' id='word_1_309' title='bbox 2678 4710 2745 4762; x_wconf 91' lang='lat' dir='ltr'>D.</span> <span class='ocrx_word' id='word_1_310' title='bbox 2767 4711 2802 4764; x_wconf 86' lang='lat' dir='ltr'>i.</span> 
     </span>
     <span class='ocr_line' id='line_1_47' title="bbox 845 4800 986 4839; baseline 0 -1"><span class='ocrx_word' id='word_1_311' title='bbox 845 4800 986 4839; x_wconf 75' lang='lat' dir='ltr'>nous.</span> 
     </span>
    </p>
   </div>
   <div class='ocr_carea' id='block_1_23' title="bbox 3443 3505 3448 5690">
    <p class='ocr_par' dir='ltr' id='par_1_23' title="bbox 3443 3505 3448 5690">
     <span class='ocr_line' id='line_1_48' title="bbox 3443 3505 3448 5690; baseline 0 0"><span class='ocrx_word' id='word_1_312' title='bbox 3443 3505 3448 5690; x_wconf 95' lang='lat' dir='ltr'> </span> 
     </span>
    </p>
   </div>
  </div>
 </body>
</html>
