3450 5717
829 818 959 886 366
1588 828 1802 883 essm
1846 828 2175 884 ABBATUM

523 1014 562 1066 J
562 1014 664 1065 ⁰111!
680 1015 770 1079 Πο,
834 1020 873 1047 “
909 1020 1090 1077 menti
1126 1021 1202 1077 ab
1237 1020 1442 1078 eodem
1473 1019 1693 1078 ballivo
1727 1019 2002 1087 faciendi,
2028 1019 2126 1076 vel
2165 1036 2273 1093 per
2307 1020 2639 1077 evasionem
2675 1018 2924 1092 alicujus

552 1086 743 1211 Affifflt,
834 1104 872 1133 ‘⁸
908 1108 1299 1165 malefactoris
1342 1107 1498 1180 capti
1534 1106 1553 1139 ¹
1571 1107 1633 1163 in
1669 1107 1951 1179 praedicto
1987 1105 2265 1171 manerio,
2308 1106 2405 1161 vel
2441 1107 2504 1160 in
2538 1106 2715 1162 terris
2749 1107 2927 1177 perti·

577 1217 711 1268 ΑΒ.
832 1193 871 1219 “
907 1190 1180 1249 uentibus
1254 1194 1328 1249 ad
1386 1193 1545 1248 idem
1604 1193 1952 1257 manerium,
2016 1188 2334 1264 praedictus
2380 1191 2581 1247 Abbas
2639 1191 2927 1247 Westmo·

525 1289 765 1339 1235-60.
831 1274 868 1305 ‘⁴
906 1278 1167 1344 nasterii,
1197 1284 1256 1334 et
1281 1294 1644 1334 successores
1685 1278 1797 1343 sui,
1843 1275 2126 1349 praedicta
2147 1277 2596 1359 amoreis-menta
2633 1282 2695 1332 et
2718 1276 2932 1331 damna

579 1382 712 1397 -ffl
827 1362 864 1390 “
900 1365 1331 1435 acquietabunt,
1371 1381 1506 1419 cum
1531 1362 1922 1435 contigerint3
1967 1367 2029 1418 et
2052 1367 2335 1434 quantum
2358 1361 2433 1417 sd
2468 1379 2554 1427 ea,
2580 1360 2928 1433 praedictum

825 1449 865 1475 “
900 1446 1190 1505 Abbatem
1228 1446 1427 1505 Sancti
1462 1448 1696 1513 Albani,
1744 1454 1805 1503 et
1840 1464 2210 1504 successores
2249 1464 2407 1513 suos,
2440 1447 2744 1502 indemnes
2794 1464 2927 1502 con·

823 1534 861 1559 “
897 1533 1227 1589 servabunt.
1303 1533 1383 1589 Et
1425 1533 1477 1588 si
1512 1533 1832 1604 proedictus
1873 1531 2072 1587 Abbas
2109 1531 2635 1595 westmonasterii,
2661 1532 2761 1586 vel
2798 1550 2927 1587 suc·

821 1612 861 1643 “
898 1634 1159 1673 cessores
1209 1618 1320 1683 sui,
1365 1618 1716 1689 praedietum
1753 1617 2046 1672 Abbstem
2080 1615 2154 1671 de
2183 1615 2399 1672 Sancto
2433 1614 2680 1680 AlbanO,
2710 1622 2772 1673 et
2796 1634 2925 1672 suc-

821 1704 858 1727 “
899 1719 1158 1757 cessores
1196 1719 1351 1767 suos,
1381 1720 1498 1757 non
1534 1701 2001 1773 acquietaverint
2034 1700 2108 1756 de
2131 1701 2430 1773 proediotis
2459 1700 2925 1757 amerciamentis

820 1789 857 1814 ‘⁶
896 1790 958 1841 et
991 1786 1237 1852 damnis,
1276 1788 1375 1843 vel
1423 1788 1475 1843 si
1512 1787 1718 1843 ballivi
1768 1786 1956 1858 ipsius
1993 1784 2244 1842 Abbatis
2285 1784 2814 1851 westmonasterii,
2863 1791 2926 1841 et

819 1873 858 1898 ‘⁶
897 1886 1302 1928 successorum
1364 1886 1626 1937 suorum,
1680 1871 2005 1927 defecerint
2057 1871 2120 1925 in
2172 1870 2461 1926 solutione
2507 1870 2924 1943 praedietorum

819 1958 858 1985 ‘⁸
899 1964 1148 2029 quatuor
1184 1958 1505 2014 solidorum
1539 1974 1647 2030 per
1683 1976 1902 2013 annum
1960 1955 2472 2029 percipiendorum
2530 1955 2604 2011 de
2640 1956 2923 2027 praedicto

819 2040 859 2070 “
895 2042 1031 2099 visu
1068 2043 1461 2115 franciplegii,
1522 2044 1621 2100 vel
1678 2043 2096 2113 praedictorum
2146 2035 2396 2113 quatuor
2459 2040 2778 2097 solidorum
2812 2058 2922 2114 pro

821 2129 859 2157 ‘¹
898 2126 1134 2193 defalta,
1176 2142 1311 2183 cum
1348 2128 1720 2201 contigerint,
1762 2127 1861 2184 vel
1895 2126 2273 2182 medietatem
2314 2125 2917 2194 amerciamentorum,

821 2214 859 2240 ‘¹
898 2212 1119 2278 finium,
1149 2217 1210 2268 et
1231 2213 1648 2285 proficuorum,
1680 2212 1836 2269 sicut
1867 2212 2217 2284 praedictum
2243 2217 2351 2278 est,
2378 2212 2527 2267 bene
2549 2211 2753 2266 licebit
2773 2229 2922 2283 prae-

821 2296 859 2325 ‘⁸
898 2298 1055 2354 dicto
1078 2297 1297 2354 Abbati
1335 2296 1536 2354 Sancti
1553 2298 1790 2363 Albani,
1820 2302 1881 2353 et
1917 2296 2354 2353 successoribus
2392 2296 2536 2361 suis,
2565 2295 2922 2366 distringere

817 2385 854 2410 ‘⁶
891 2383 1238 2456 praedictmn
1284 2382 1575 2439 Abbatem
1609 2381 2135 2447 westmonasterii,
2175 2386 2237 2437 et
2282 2398 2648 2437 successores
2689 2398 2827 2437 suos
2863 2386 2925 2436 et

819 2469 859 2495 ‘⁸
896 2468 1146 2523 villanos
1208 2486 1362 2533 suos,
1427 2484 1534 2539 per
1589 2465 1782 2522 omnia
1837 2466 2051 2522 catalla
2098 2484 2221 2531 sua,
2286 2462 2349 2521 in
2397 2466 2603 2521 eadem
2659 2466 2808 2521 villa
2847 2466 2921 2520 de

819 2554 857 2579 ‘⁶
895 2552 1244 2608 Audenham
1293 2557 1356 2608 et
1403 2552 1545 2607 alibi
1592 2552 1751 2607 infru
1799 2550 2133 2606 libertatem
2174 2550 2361 2622 ipsius
2413 2549 2666 2606 Abbatis
2718 2550 2918 2606 Sancti

819 2639 857 2665 “
895 2635 1128 2701 Albani,
1180 2641 1242 2692 et
1290 2653 1695 2693 successorum
1745 2653 2006 2700 suorum,
2057 2635 2312 2699 inventa,
2363 2652 2554 2707 usque
2600 2635 2677 2690 ad
2721 2635 2920 2707 plena-

817 2722 855 2747 “
894 2720 1045 2775 riam
1082 2720 1431 2776 solutionem
1477 2719 1895 2792 praedietorum
1947 2719 2529 2775 amerciamentorum
2578 2725 2639 2776 et
2685 2719 2918 2775 damno-

818 2807 855 2831 “
891 2822 1045 2870 rum,
1098 2804 1319 2869 finium,
1370 2804 1782 2877 proficuorum‚
1838 2809 1900 2859 et
1945 2804 2335 2869 denariorum,
2377 2804 2481 2875 qui
2518 2821 2554 2859 a
2588 2809 2748 2859 retro
2796 2804 2918 2859 fue-

817 2890 856 2916 “
892 2889 1031 2953 rint,
1094 2888 1219 2943 siue
1269 2888 1722 2944 contradictione
1786 2889 1883 2943 vel
1944 2887 2359 2960 impedimento
2419 2887 2609 2959 ipsius
2668 2888 2916 2943 Abbatis

816 2975 855 3001 ‘⁶
892 2971 1418 3038 westmonasterii,
1474 2972 1572 3028 vel
1631 2988 2037 3028 successorum
2099 2988 2355 3027 suorum.
2452 2971 2533 3027 Et
2596 2972 2914 3038 sciendum,

816 3065 855 3090 ‘⁸
895 3060 1052 3134 quod
1103 3061 1285 3117 furcae
1337 3061 1546 3117 levatae
1598 3060 1661 3116 in
1701 3060 1954 3132 quodam
2018 3061 2168 3126 vice,
2229 3061 2332 3132 qui
2378 3066 2621 3117 vocatur
2686 3065 2701 3091 ‘
2724 3062 2918 3117 Kene-

817 3148 854 3175 “
897 3148 913 3174 ‘
938 3147 1175 3219 prowe‚’
1237 3162 1573 3203 communes
1620 3150 1797 3201 erunt
1859 3146 2140 3201 ambobus
2204 3144 2554 3210 Abbatibus‚
2606 3152 2668 3202 et
2715 3164 2919 3201 eorum

817 3236 855 3259 “
896 3230 1350 3295 successoribus,
1380 3230 1455 3285 ad
1492 3228 1966 3302 suspendendum
2003 3229 2306 3285 damnatos
2331 3230 2395 3284 in
2421 3230 2605 3286 Curia
2626 3230 2699 3286 de
2723 3229 2919 3286 Aden-

818 3318 855 3344 “
893 3316 1049 3371 ham.
1124 3315 1203 3371 Et
1246 3316 1373 3372 haec
1410 3314 1715 3371 concordia
1768 3315 1924 3371 facta
1968 3312 2084 3369 fuit
2127 3330 2234 3387 per
2279 3320 2637 3386 praeceptum
2679 3314 2914 3370 Domini

819 3402 857 3431 “
891 3398 1113 3472 Regis3
1153 3399 1256 3471 qui
1303 3399 1581 3472 praesenti
1631 3397 1954 3455 concordiae
2003 3414 2178 3455 suum
2214 3416 2520 3455 assensum
2564 3398 2878 3471 praebuit.”

811 3672 910 3739 De
987 3666 1295 3747 candore,
1373 3662 1768 3746 redolentia,
1863 3670 1924 3732 et
2012 3662 2237 3753 siquis
2311 3665 2783 3754 reliyiositatie
2856 3674 2920 3735 et

990 3771 1377 3840 sanctitatis
1429 3770 1457 3808 2
1481 3769 1742 3836 ossiwm
1791 3766 1875 3835 M
1873 3768 2290 3837 onachomvm
2331 3776 2783 3853 mortuorum,
2827 3773 2916 3839 ‘in

993 3873 1371 3942 G'oemeterio
1422 3872 1667 3940 Scmcti
1741 3872 2011 3939 Albani
2071 3880 2362 3960 tempore
2419 3874 2708 3961 p‘roefati
2772 3874 2913 3941 Ab·

990 3978 1164 4046 batis
1208 3976 1614 4064 effossorunn,
1657 3995 1778 4043 seu
1821 3981 2257 4062 repertommt.

470 4159 642 4211 Bones
664 4161 721 4211 of
903 4146 1125 4234 Hujus
1178 4164 1435 4231 quoque
1463 4141 1752 4207 Abbatis
1804 4146 2119 4229 tempore,
2164 4164 2338 4209 anno
2385 4142 2657 4210 Domini
2699 4144 2912 4211 mille·

468 4228 788 4360 Ξζῇῗζιξῗῦ
812 4253 976 4317 simo
1038 4246 1478 4315 ducentesimo
1534 4245 2075 4332 quinquagesimo
2123 4247 2355 4333 primo,
2404 4268 2548 4311 cum
2613 4268 2908 4313 consum-

473 4362 663 4424 eeased,
810 4358 1066 4419 matum
1124 4347 1354 4418 fiiisset
1414 4344 1745 4436 quoddam
1805 4348 2188 4435 opusculum
2240 4352 2587 4417 structurae
2631 4350 2910 4438 lapideae

802 4457 1007 4543 juxta
1078 4456 1292 4542 majus
1360 4453 1568 4519 altare
1637 4451 1867 4519 Sancti
1909 4451 2175 4533 Albani,
2241 4454 2314 4518 in
2375 4460 2584 4541 parte,
2646 4455 2911 4534 scilicet,

863 4748 879 4781 ¹
902 4747 953 4798 in
974 4748 1206 4813 repeated
1226 4742 1280 4797 iu
1301 4742 1413 4799 MS.
1441 4742 1683 4799 Claudius
1706 4744 1767 4797 E.
1795 4744 1861 4794 iv.
1892 4741 1902 4810 Ι
2017 4743 2040 4776 2
2061 4745 2192 4794 assiu
2216 4744 2271 4794 iu
2293 4743 2648 4796 MS.Clsudius
2664 4744 2723 4797 Ε.
2748 4744 2815 4798 iv.
