3450 5717
1053 836 1470 888 Moms'rann
1519 838 1768 888 smom
1816 836 2088 889 ALBANL
2502 825 2623 889 141

528 1123 554 1189 1
621 1022 805 1087 Inito
852 1023 1061 1110 igitur
1112 1025 1402 1107 consilio,
1456 1027 1571 1105 ait,
1634 1026 2033 1113 respondens
2109 1048 2228 1112 per
2291 1047 2632 1113 responsa·
2712 1035 2925 1154 ngtenrt’

555 1147 658 1191 em
680 1150 794 1203 3-—
2725 1170 2917 1230 Abboa

621 1236 659 1263 “
705 1227 860 1295 Non
908 1251 1133 1296 omnes
1181 1230 1372 1296 Beati
1425 1230 1672 1297 Albani
1713 1233 2012 1298 Abbates
2058 1254 2100 1297 a
2152 1232 2442 1299 Domino
2478 1233 2633 1297 Lin-
2744 1236 2883 1288 A-D-

532 1340 568 1366 “
612 1331 923 1398 colniensi
969 1332 1302 1399 benedicti
1368 1337 1547 1399 sunt.
1668 1333 1915 1400 Paulus
1972 1334 2218 1415 Abbas,
2280 1339 2350 1401 et
2408 1356 2632 1401 omnes
2695 1307 2941 1411 ”22⁶⁸

531 1440 572 1471 “
615 1433 673 1519 ej
681 1457 756 1501 us
800 1435 1318 1521 praedecessores
1368 1435 1454 1501 ab
1507 1436 1638 1503 alio
1666 1437 2193 1503 benedictionem
2230 1446 2632 1526 acceperunt.

532 1543 568 1574 “
613 1537 753 1604 Iste
804 1559 1063 1624 quoque
1113 1538 1442 1605 Dominus
1496 1538 1829 1606 Robertus
1882 1540 2175 1606 oblatam
2243 1539 2372 1607 sibi
2432 1541 2629 1606 bene-
2654 1545 2972 1611 Replymade

531 1646 568 1674 “
613 1640 964 1706 dictionem
1024 1642 1111 1706 ab
1195 1664 1271 1707 eo
1347 1642 1464 1728 qui
1528 1648 1924 1729 potestatem
1992 1642 2297 1723 habebat,
2363 1650 2632 1730 propter
2653 1612 2981 1740 ffiebfflff

529 1749 566 1778 “
610 1743 1101 1830 venerationem
1142 1743 1619 1810 Lincolniensis
1669 1745 1990 1825 Ecclesiae,
2062 1746 2385 1832 suscipere
2448 1768 2628 1813 recu-
2651 1746 2722 1811 by
2743 1745 2935 1797 Mater

532 1850 570 1880 “
613 1845 802 1911 savit.
892 1845 1105 1926 Quem
1156 1845 1482 1913 Dominus
1532 1848 1994 1914 Herfordensis
2038 1849 2370 1914 immerito
2414 1855 2629 1915 trans·
2652 1812 2908 1945 &332ss

531 1953 569 1983 “
614 1949 963 2035 gressionis
1002 1949 1265 2036 arguit;
1311 1949 1427 2036 qui
1476 1950 1619 2036 jam
1663 1950 1883 2016 decem
1932 1951 2126 2016 annis
2176 1950 2424 2028 Abbas,
2461 1974 2631 2017 nun-

531 2057 571 2087 “
616 2072 817 2136 quam
869 2051 1345 2117 Lincolniensis
1393 2051 1709 2119 mandato
1757 2054 2174 2120 contradixit.
2299 2055 2402 2120 De
2450 2054 2636 2141 eujus

534 2160 567 2189 “
615 2155 811 2220 etiam
889 2154 1287 2242 professione
1371 2156 1621 2242 optime
1699 2157 1911 2243 possit
1992 2157 2246 2223 siluisse
2313 2156 2637 2223 Dominus

533 2263 573 2292 “
620 2256 1160 2337 Herefordensis;
1237 2279 1403 2337 cum,
1450 2258 1652 2344 juxta
1714 2259 2142 2325 assertionem
2222 2280 2427 2337 suam,
2503 2259 2639 2324 Do-

529 2366 568 2394 “
613 2359 832 2424 minus
868 2360 1015 2424 Rex
1057 2365 1382 2425 coartaret
1444 2368 1512 2426 et
1571 2366 1829 2427 coartat
1887 2361 2381 2448 inquisitionem
2442 2362 2638 2426 istam

533 2472 578 2500 “
623 2463 793 2528 circa
821 2468 1118 2549 tempora
1165 2462 1367 2550 Regis
1414 2463 1708 2541 Henrici‚
1765 2464 1877 2529 avi
1917 2464 2037 2529 sui.
2128 2464 2237 2529 Ex
2266 2464 2637 2531 abundanti

531 2572 572 2601 “
617 2564 700 2629 de
778 2586 857 2629 ea
937 2564 1290 2650 respondet
1312 2565 1747 2651 3—siquidem
1816 2566 2074 2633 litteras
2142 2588 2293 2654 quae
2354 2566 2639 2633 afferun-

527 2674 570 2704 “
617 2670 747 2747 tur,
799 2688 921 2732 nec
973 2667 1326 2755 scripsisse,
1396 2691 1534 2748 nec,
1582 2669 1778 2735 scribi
1832 2669 2149 2755 jussisse3
2208 2691 2328 2736 nec
2387 2692 2637 2736 crucem

533 2776 574 2805 “
619 2770 1055 2856 antepositam
1102 2772 1370 2858 propria
1414 2793 1618 2837 manu
1671 2779 2037 2839 annotasse.
2159 2773 2356 2859 Legit
2411 2778 2637 2838 tamen

529 2882 567 2909 ‘⁴
612 2894 719 2938 eas
805 2878 1072 2960 propter
1153 2872 1468 2940 honorem
1541 2874 2015 2941 Lincolniensis
2086 2874 2411 2956 Ecclesiae,
2486 2898 2638 2962 sup-

527 2982 568 3011 “
611 2976 795 3062 plens
848 2977 1026 3062 quod
1094 2976 1319 3042 deerat
1367 2982 1636 3064 propter
1702 2977 2081 3044 libertatem
2142 2977 2423 3045 ecclesiae
2482 3000 2634 3045 suae.

532 3084 570 3112 “
614 3078 982 3163 Subjunxit
1050 3080 1224 3146 enim
1302 3079 1876 3160 incontinenti,—‘
1908 3079 2123 3147 Salvis
2198 3080 2638 3168 dignitatibus

529 3186 573 3216 “
623 3187 639 3216 ‘
683 3182 964 3247 ecclesiae
1044 3182 1240 3248 meae.’
1398 3182 1605 3268 Cujus
1696 3183 2014 3249 orationis
2119 3184 2274 3248 finis
2351 3184 2637 3248 maxime

529 3293 568 3320 “
612 3284 1056 3350 attendendus
1119 3290 1236 3365 est,
1307 3286 1466 3371 quia
1542 3286 1815 3352 meliora
1871 3291 2028 3351 sunt
2089 3286 2446 3352 novissima
2507 3309 2637 3351 ser-

531 3396 570 3427 “
616 3388 844 3469 monis
895 3411 1094 3475 quam
1141 3390 1413 3454 initium
1467 3390 1620 3476 ejus.
1743 3389 2146 3476 Hujusmodi
2205 3395 2427 3455 autem
2488 3412 2636 3478 pro-

531 3498 570 3529 “
615 3492 976 3572 sessionem,
1026 3492 1084 3558 si
1133 3491 1409 3558 dicenda
1459 3499 1561 3558 est
1607 3493 1937 3580 professio,
1979 3492 2151 3572 fecit,
2199 3512 2335 3558 nou
2369 3498 2639 3580 propter

520 3585 570 3631 '“
615 3594 1102 3683 obligationem,
1193 3595 1309 3661 sed
1401 3600 1668 3682 propter
1763 3595 2233 3661 Lincolniensis
2331 3595 2636 3662 Ecclesiae

533 3707 574 3735 “
620 3699 1132 3764 venerationem.
1270 3698 1473 3763 Porro
1552 3697 1912 3786 dignitates
2010 3698 2315 3764 Ecclesiae
2411 3698 2637 3764 Sancti

527 3810 564 3837 ‘⁶
612 3801 854 3867 Albani
928 3822 1187 3887 magnae
1264 3804 1442 3881 sunt,
1516 3805 1586 3866 et
1665 3801 2051 3867 manifestae.
2196 3800 2349 3888 Ipsa
2432 3801 2635 3887 siqui-

534 3911 572 3941 “
619 3905 766 3969 dem
818 3925 952 3968 non
999 3903 1210 3968 solum
1260 3901 1469 3968 libera
1517 3907 1634 3981 est,
1690 3905 1804 3969 sed
1857 3908 1925 3970 et
1977 3904 2306 3990 ingenua:
2382 3903 2634 3969 natales

531 4015 571 4043 “
616 4007 758 4094 ejus
809 4007 955 4072 Rex
1008 4004 1286 4071 Offanus
1330 4005 1547 4071 aureis
1590 4006 1834 4072 litteris
1879 4007 2276 4093 conscripsit.
2367 4005 2635 4071 Succes-

533 4117 570 4147 “
613 4131 789 4176 sores
854 4108 1011 4195 ejus,
1074 4108 1365 4173 illustres
1412 4108 1624 4196 Reges
1672 4109 2060 4196 Anglorum,
2130 4109 2273 4195 ejus
2332 4109 2632 4195 ingenui-

531 4219 573 4250 “
617 4217 825 4278 tatem
888 4212 1303 4290 roborarunt,
1380 4210 1791 4297 Romanique
1851 4211 2204 4277 Pontifices
2278 4211 2416 4277 suis
2490 4233 2634 4276 eam

534 4324 571 4353 “
615 4315 976 4403 privilegiis
1044 4315 1643 4395 confirmaverunt3
1727 4336 1847 4380 nec
1914 4314 2240 4380 Dominus
2307 4314 2633 4380 Lincolni-

533 4428 567 4455 “
613 4418 783 4485 ensis
833 4422 1056 4507 potest
1106 4417 1518 4482 dissimulare
1578 4417 1742 4505 quin
1800 4418 1932 4483 ista
1991 4418 2267 4484 noverit.
2400 4418 2635 4484 Clerici

533 4532 573 4559 “
620 4522 796 4588 enim
855 4522 998 4608 ejus
1061 4520 1612 4586 subintraverunt
1663 4520 2005 4607 explorare
2057 4521 2438 4586 libertatem
2486 4543 2633 4587 nos-

531 4630 571 4660 “
617 4630 835 4706 tram3
902 4624 1018 4709 qui
1066 4622 1350 4689 fideliter
1394 4623 1953 4688 renunciaverunt
2003 4645 2081 4688 ea
2127 4644 2279 4710 quae
2324 4623 2635 4690 viderant
