3450 5717
757 734 888 798 516
1571 738 1921 790 APPnme
1956 723 2073 808 (n).

769 934 809 963 ‘⁸
848 931 1174 1001 elegerunt,
1239 936 1299 983 et
1345 926 1717 1000 postmodum
1766 925 2021 996 ingressi
2071 922 2429 994 Capitulum,
2473 920 2640 976 uobis
2692 938 2865 991 quem

770 1018 809 1042 “
849 1014 1150 1085 elegerant
1171 1011 1645 1076 nominaverunt3
1686 1008 1928 1074 scilicet,
1952 1008 2219 1063 Fratrem
2245 1006 2286 1061 J
2288 1007 2572 1061 ohannem
2597 1004 2670 1059 de
2688 1005 2870 1059 Hert·

775 1101 814 1128 ‘⁶
852 1099 988 1163 fort,
1045 1103 1262 1153 nostrae
1302 1094 1682 1166 professionis
1734 1093 2099 1158 monachum,
2151 1092 2306 1146 inter
2351 1108 2460 1146 nos
2508 1090 2581 1145 ab
2630 1090 2870 1161 antiquo

776 1186 815 1210 ‘⁶
853 1184 1132 1254 religiose
1159 1191 1221 1237 et
1257 1179 1852 1254 irreprehensibiliter
1888 1181 2317 1233 conversatum.
2392 1175 2519 1231 Nos
2557 1174 2867 1246 siquidem,

776 1270 814 1296 ‘⁸
853 1267 1075 1322 ibidem
1098 1266 1455 1322 unanimiter
1481 1264 1842 1335 congregati,
1871 1263 1932 1318 in
1955 1279 2265 1335 personam
2288 1261 2454 1316 illius
2480 1277 2654 1331 quem
2680 1259 2873 1330 elege-

780 1354 819 1379 “
857 1357 1009 1415 rant,
1039 1356 1099 1407 et
1119 1350 1286 1406 nobis
1318 1349 1776 1412 nominaverant,
1806 1345 2171 1402 concorditer
2206 1345 2624 1407 consensimus,
2653 1344 2874 1413 absque

779 1438 820 1464 “
859 1436 1017 1490 omni
1040 1433 1332 1490 discordia
1354 1450 1458 1488 seu
1483 1431 1963 1488 contradictione.
2038 1429 2321 1484 Firmiter
2351 1429 2512 1483 enim
2552 1427 2871 1491 credimuS,

776 1522 812 1546 “
856 1518 1066 1574 Sancte
1090 1518 1287 1581 Pater,
1331 1515 1488 1587 quod
1523 1515 1683 1570 idem
1724 1514 1947 1569 electus
1988 1513 2158 1570 nobis
2195 1518 2257 1568 et
2292 1517 2494 1567 nostro
2518 1510 2873 1566 Monasterio

781 1605 819 1630 “
858 1619 963 1673 per
1012 1601 1205 1656 omnia
1253 1600 1333 1655 sit
1380 1597 1664 1663 idoneus;
1723 1615 1858 1653 cum
1905 1598 1969 1651 in
2013 1597 2144 1667 ipso
2189 1595 2340 1651 nihil
2390 1614 2500 1652 cur
2558 1594 2703 1666 eligi
2757 1612 2875 1648 non

782 1688 819 1713 “
858 1685 1097 1740 deberet
1152 1684 1406 1740 sciamus
1453 1683 1788 1753 reprobum,
1840 1698 1947 1736 nec
1988 1681 2052 1735 in
2089 1699 2158 1736 eo
2197 1678 2425 1751 aliquid
2462 1679 2707 1735 deficere
2741 1697 2875 1749 per·

781 1771 820 1798 “
859 1768 1188 1840 pendimus,
1236 1767 1393 1839 quod
1434 1784 1618 1822 canon
1659 1765 1846 1837 exigit
1882 1766 1945 1819 in
1981 1763 2184 1819 electo,
2260 1764 2422 1818 Hinc
2447 1770 2551 1827 est,
2577 1763 2873 1833 benignis·

781 1854 821 1880 ‘⁸
862 1853 1008 1907 sime
1050 1852 1245 1915 Pater,
1292 1867 1472 1922 quare
1509 1868 1633 1914 nost,
1678 1849 1781 1920 qui
1822 1849 1930 1903 filii
1971 1849 2155 1921 vestri
2188 1865 2412 1912 sumus,
2448 1852 2508 1902 et
2538 1846 2871 1901 immediate
2956 1864 2963 1871 ·

784 1938 822 1964 “
861 1936 937 1991 ad
976 1935 1305 1990 Romanum
1329 1933 1674 1989 Pontificem
1713 1939 2061 2004 spectantes,
2087 1932 2254 1988 vobis
2294 1933 2360 1986 in
2394 1932 2553 1986 omni
2588 1948 2701 2002 qua
2738 1948 2871 2001 pos-

785 2023 823 2048 “
860 2036 1064 2075 sumus
1104 2018 1504 2090 supplicamus
1546 2017 1871 2082 devotione,
1918 2022 2204 2087 quatenus
2254 2015 2367 2070 Dei
2405 2015 2644 2079 intuitu,
2695 2022 2756 2069 et
2800 2015 2877 2068 ad

786 2106 824 2132 “
861 2104 1130 2159 levamen
1176 2103 1438 2158 ecclesiae
1485 2106 1719 2167 nostrae,
1772 2118 1902 2172 quae
1941 2100 2050 2156 sub
2086 2100 2197 2156 hac
2231 2106 2514 2155 vacatura
2558 2099 2622 2153 in
2664 2117 2880 2170 magno

787 2191 825 2217 “
863 2187 1108 2258 navigat
1152 2186 1433 2258 periculo,
1498 2185 1608 2241 sub
1656 2186 1927 2241 saeculari
1977 2184 2244 2241 custodia
2288 2183 2630 2248 constituta,
2693 2183 2881 2238 electo

788 2275 827 2301 “
864 2276 1082 2335 nostro,
1136 2270 1355 2341 absque
1401 2287 1582 2325 morae
1629 2268 1957 2341 dispendio,
2009 2269 2183 2325 officii
2232 2269 2324 2324 sui
2385 2267 2883 2323 confirmationem

788 2358 827 2384 ‘⁸
866 2354 1327 2411 misericorditer
1373 2353 1745 2425 impendatis.
1822 2353 1949 2409 Nos
1993 2359 2207 2419 autem,
2243 2358 2313 2408 ut
2346 2352 2671 2407 reverenda
2708 2352 2885 2406 Sane-

789 2442 829 2468 “
868 2440 1008 2495 titas
1045 2444 1246 2495 vestra
1284 2437 1359 2493 de
1393 2437 1717 2509 praemissis
1756 2437 1931 2492 fidem
1966 2437 2179 2493 habeat
2225 2436 2635 2500 indubitatam,
2687 2436 2888 2507 sigillo

785 2527 823 2552 “
864 2524 1121 2595 Capituli
1159 2523 1365 2587 nostri,
1405 2521 1477 2577 de
1517 2522 1816 2576 communi
1848 2522 2029 2577 totius
2070 2521 2402 2577 Conventus
2443 2538 2749 2584 consensu,
2777 2522 2886 2574 has

789 2610 829 2635 “
867 2608 1097 2664 litteras
1144 2612 1375 2663 nostras
1421 2612 1707 2678 patentes,
1768 2613 1829 2662 et
1880 2607 1969 2660 rei
2021 2612 2206 2678 gestae
2244 2607 2458 2661 seriem
2495 2606 2880 2669 continentes.

788 2689 827 2713 “
867 2686 1114 2742 fecimus
1151 2686 1549 2759 consignari.''

997 2831 1357 2901 Reeorspmm
1389 2831 1566 2902 Papoe
1600 2831 1845 2901 Ehjemi
1880 2836 1931 2886 et
1963 2830 2317 2888 Londbnemi
2350 2832 2666 2904 Episcopo.

857 2940 971 2995 His
1012 2944 1206 2995 autem
1241 2940 1458 2995 litteris
1495 2940 1814 3011 diligenter
1857 2942 2156 3013 inspectis,
2195 2942 2397 2998 habita
2432 2961 2562 2998 cum
2601 2943 2887 2999 fram-ibus

788 3023 1224 3087 deliberatione,
1291 3025 1579 3080 concessit
1653 3023 1933 3080 Summus
2016 3025 2288 3081 Pontifex
2358 3026 2650 3082 monachis
2719 3027 2887 3097 juste

788 3107 1102 3179 postulata,
1148 3107 1449 3163 laboribus
1497 3125 1698 3163 eorum
1744 3113 1988 3180 paterno
2029 3109 2242 3164 affectu
2282 3110 2703 3181 compatiendo,
2752 3127 2890 3165 nec-

787 3208 902 3246 non
950 3190 1234 3246 unitatem
1283 3191 1546 3246 ecclesiae
1606 3208 1728 3247 sure
1777 3192 2141 3258 concordem,
2190 3203 2249 3247 et
2298 3193 2622 3249 discretum
2668 3193 2730 3247 in
2776 3194 2890 3247 hoc

788 3274 1026 3345 negotio
1059 3292 1418 3347 processum,
1456 3274 1856 3330 collaudando·
1932 3276 2012 3330 Et
2045 3293 2119 3331 ne
2138 3310 2149 3323 ·
2167 3294 2262 3332 res
2311 3277 2510 3349 aliqua
2550 3281 2715 3349 parte
2756 3294 2892 3349 pro-

790 3359 1091 3428 gressione
1128 3375 1315 3429 usque
1338 3358 1414 3413 ad
1436 3358 1610 3413 finem
1646 3365 1874 3414 careret
1903 3358 2203 3423 laudabili,
2230 3359 2411 3424 dedit,
2450 3368 2519 3415 ut
2547 3367 2891 3431 praetactum

790 3448 901 3505 est,
946 3442 1009 3495 in
1043 3440 1333 3497 mandatis
1376 3442 1616 3512 Elyensi
1665 3448 1725 3498 et
1763 3442 2121 3499 Londinensi
2163 3444 2493 3516 Episcopis,
2539 3450 2624 3510 ut,
2677 3446 2892 3500 exami-

791 3531 929 3580 nata
986 3542 1235 3595 persona
1299 3525 1491 3590 electi,
1544 3525 1966 3582 benedictionis
2016 3527 2072 3581 ei
2108 3527 2457 3582 beneficium
2504 3528 2888 3599 largirentur,

790 3609 889 3664 vel
926 3608 1227 3674 alteruter,
1258 3609 1311 3664 si
1352 3607 1525 3664 ambo
1561 3609 1848 3666 interesse
1890 3627 2006 3666 non
2029 3611 2328 3677 valerent3
2367 3612 2630 3668 scribens
2668 3612 2895 3669 eisdem

793 3692 903 3748 sub
939 3693 1049 3748 hac
1081 3693 1364 3748 forma.—

866 3779 905 3803 “
928 3775 1250 3847 Gregorius
1286 3776 1630 3849 Episcopus,
1672 3795 1878 3835 servus
1931 3797 2234 3836 servorum
2271 3780 2405 3846 Dei,
2456 3782 2893 3838 venerabilibus

796 3862 835 3887 ‘⁶
874 3860 1175 3926 fratribus,
1232 3860 1474 3931 Elyensi
1561 3867 1621 3916 et
1693 3863 2048 3919 Londinensi
2107 3865 2435 3937 Episcopis,
2511 3866 2761 3921 salutem
2831 3872 2896 3922 et

796 3947 834 3971 “
872 3943 1272 4016 Apostolicam
1311 3944 1791 4003 benedictionem.
1863 3948 2220 4005 Monasterio
2259 3951 2459 4007 Sancti
2492 3951 2725 4016 Albani,
2752 3951 2893 4006 Lin-

795 4028 835 4056 “
873 4029 1186 4084 colniensis
1233 4027 1539 4094 Dioecesis,
1606 4032 1765 4102 quod
1813 4032 1888 4088 ad
1940 4033 2262 4088 Romanam
2320 4034 2666 4100 Ecclesiam,
2726 4034 2891 4088 nullo

796 4115 836 4140 “
874 4112 1086 4178 medio,
1125 4113 1396 4183 pertinet,
1435 4114 1685 4171 Abbatis
1723 4118 1931 4172 solatio
1973 4117 2271 4183 destituto,
2313 4119 2514 4173 dilecti
2548 4118 2676 4183 filii,
2714 4118 2893 4173 Prior

798 4198 835 4223 “
876 4201 936 4251 et
972 4194 1307 4254 Conventus
1359 4197 1547 4269 ipsius
1598 4199 1964 4266 Monasterii,
2005 4202 2160 4257 sicut
2212 4202 2564 4274 accepimus,
2602 4203 2892 4272 requisito

798 4281 836 4307 “
874 4280 1059 4351 prius,
1102 4280 1256 4337 sicut
1301 4282 1483 4338 moris
1536 4289 1644 4348 est,
1687 4302 1928 4339 assensu
1980 4286 2166 4356 regi0‚
2232 4290 2293 4340 et
2350 4285 2603 4349 obtentO,
2666 4287 2890 4341 vocatis

798 4365 836 4390 “
875 4364 1143 4420 omnibus
1182 4365 1284 4436 qui
1320 4365 1666 4431 debuerunt,
1711 4367 2043 4432 voluerunt,
2100 4373 2161 4423 et
2194 4375 2529 4441 potuerunt,
2586 4369 2891 4423 commode

798 4448 836 4473 ‘⁸
874 4446 1177 4513 interesse,
1230 4448 1302 4503 de
1349 4449 1596 4505 Abbatis
1648 4451 1834 4507 futuri
1897 4452 2311 4508 substitutione
2358 4458 2701 4518 tractantes,
2757 4458 2897 4524 post

798 4533 837 4560 “
875 4530 1140 4587 diversos
1175 4538 1480 4599 tractatus,
1523 4535 1873 4607 quibusdam
1910 4536 1981 4592 de
2019 4537 2270 4608 collegio
2304 4537 2566 4607 eligendi
2602 4538 2660 4593 ei
2698 4537 2892 4593 Abba-

798 4616 836 4641 “
874 4621 996 4673 tem
1046 4620 1392 4686 potestatem
1442 4619 1767 4690 plenariam
1817 4621 2168 4676 unanimiter
2221 4621 2615 4694 contulerunt,
2698 4621 2895 4676 Iidem

798 4701 836 4726 ‘⁸
875 4715 1014 4753 vero
1051 4698 1353 4765 electores,
1394 4700 1584 4757 Deum
1635 4703 1916 4761 babentes
1954 4723 2074 4776 prae
2111 4705 2316 4771 oculis,
2355 4706 2666 4764 collatione
2713 4723 2897 4777 super
