<?xml version="1.0" encoding="UTF-8"?>
<!DOCTYPE html PUBLIC "-//W3C//DTD XHTML 1.0 Transitional//EN"
    "http://www.w3.org/TR/xhtml1/DTD/xhtml1-transitional.dtd">
<html xmlns="http://www.w3.org/1999/xhtml" xml:lang="en" lang="en">
 <head>
  <title>
</title>
<meta http-equiv="Content-Type" content="text/html;charset=utf-8" />
  <meta name='ocr-system' content='tesseract 3.04.00' />
  <meta name='ocr-capabilities' content='ocr_page ocr_carea ocr_par ocr_line ocrx_word'/>
</head>
<body>
  <div class='ocr_page' id='page_1' title='image "./gestaabbatummon00rilegoog_0406.png"; bbox 0 0 3450 5717; ppageno 0'>
   <div class='ocr_carea' id='block_1_1' title="bbox 470 981 875 1047">
    <p class='ocr_par' dir='ltr' id='par_1_1' title="bbox 470 981 875 1047">
     <span class='ocr_line' id='line_1_1' title="bbox 470 981 875 1047; baseline -0.005 -10"><span class='ocrx_word' id='word_1_1' title='bbox 470 983 614 1037; x_wconf 84' lang='lat' dir='ltr'><strong>John</strong></span> <span class='ocrx_word' id='word_1_2' title='bbox 633 981 726 1047; x_wconf 74' lang='lat'><strong>11„</strong></span> <span class='ocrx_word' id='word_1_3' title='bbox 777 987 815 1021; x_wconf 79' lang='lat'><strong>⁶‘</strong></span> <span class='ocrx_word' id='word_1_4' title='bbox 857 985 875 1014; x_wconf 85' lang='lat'>‘</span> 
     </span>
    </p>
   </div>
   <div class='ocr_carea' id='block_1_2' title="bbox 772 780 2111 861">
    <p class='ocr_par' dir='ltr' id='par_1_2' title="bbox 772 780 2111 861">
     <span class='ocr_line' id='line_1_2' title="bbox 772 780 2111 861; baseline -0.003 -13"><span class='ocrx_word' id='word_1_5' title='bbox 772 780 905 853; x_wconf 83' lang='lat'><strong>372</strong></span> <span class='ocrx_word' id='word_1_6' title='bbox 1030 858 1035 861; x_wconf 76' lang='lat'><em>.</em></span> <span class='ocrx_word' id='word_1_7' title='bbox 1527 793 1740 845; x_wconf 71' lang='lat' dir='ltr'><strong>essu</strong></span> <span class='ocrx_word' id='word_1_8' title='bbox 1783 794 2111 845; x_wconf 69' lang='lat' dir='ltr'><strong>Assum</strong></span> 
     </span>
    </p>
   </div>
   <div class='ocr_carea' id='block_1_3' title="bbox 900 976 2876 1057">
    <p class='ocr_par' dir='ltr' id='par_1_3' title="bbox 900 976 2876 1057">
     <span class='ocr_line' id='line_1_3' title="bbox 900 976 2876 1057; baseline -0.004 -16"><span class='ocrx_word' id='word_1_9' title='bbox 900 1002 1078 1057; x_wconf 85' lang='lat' dir='ltr'><strong>quam</strong></span> <span class='ocrx_word' id='word_1_10' title='bbox 1137 989 1344 1051; x_wconf 79' lang='lat' dir='ltr'><strong>extra3</strong></span> <span class='ocrx_word' id='word_1_11' title='bbox 1418 988 1480 1041; x_wconf 92' lang='lat' dir='ltr'><strong>et</strong></span> <span class='ocrx_word' id='word_1_12' title='bbox 1536 983 1905 1050; x_wconf 88' lang='lat' dir='ltr'><strong>meremium,</strong></span> <span class='ocrx_word' id='word_1_13' title='bbox 1969 982 2239 1055; x_wconf 88' lang='lat' dir='ltr'><strong>quotiens</strong></span> <span class='ocrx_word' id='word_1_14' title='bbox 2313 998 2461 1053; x_wconf 88' lang='lat' dir='ltr'><strong>opus</strong></span> <span class='ocrx_word' id='word_1_15' title='bbox 2534 979 2739 1046; x_wconf 78' lang='lat' dir='ltr'><strong>fuerit,</strong></span> <span class='ocrx_word' id='word_1_16' title='bbox 2797 976 2876 1035; x_wconf 87' lang='lat' dir='ltr'><strong>ad</strong></span> 
     </span>
    </p>
   </div>
   <div class='ocr_carea' id='block_1_4' title="bbox 501 1052 2885 1236">
    <p class='ocr_par' dir='ltr' id='par_1_4' title="bbox 501 1052 2885 1236">
     <span class='ocr_line' id='line_1_4' title="bbox 534 1052 2882 1141; baseline -0.006 -10"><span class='ocrx_word' id='word_1_17' title='bbox 534 1052 663 1101; x_wconf 55' lang='grc' dir='ltr'><strong>ΞΜ</strong></span> <span class='ocrx_word' id='word_1_18' title='bbox 777 1067 818 1097; x_wconf 88' lang='lat'><strong>“</strong></span> <span class='ocrx_word' id='word_1_19' title='bbox 859 1071 875 1097; x_wconf 89' lang='lat'>‘</span> <span class='ocrx_word' id='word_1_20' title='bbox 900 1068 1211 1141; x_wconf 75' lang='lat' dir='ltr'><strong>praedictas</strong></span> <span class='ocrx_word' id='word_1_21' title='bbox 1272 1068 1474 1124; x_wconf 88' lang='lat' dir='ltr'><strong>domos</strong></span> <span class='ocrx_word' id='word_1_22' title='bbox 1533 1067 1906 1140; x_wconf 89' lang='lat' dir='ltr'><strong>reparandas.</strong></span> <span class='ocrx_word' id='word_1_23' title='bbox 2003 1066 2131 1123; x_wconf 83' lang='lat' dir='ltr'><strong>Nos</strong></span> <span class='ocrx_word' id='word_1_24' title='bbox 2182 1082 2344 1131; x_wconf 89' lang='lat' dir='ltr'><strong>ver0,</strong></span> <span class='ocrx_word' id='word_1_25' title='bbox 2394 1069 2458 1122; x_wconf 91' lang='lat' dir='ltr'><strong>et</strong></span> <span class='ocrx_word' id='word_1_26' title='bbox 2515 1080 2882 1121; x_wconf 78' lang='lat' dir='ltr'><strong>successores</strong></span> 
     </span>
     <span class='ocr_line' id='line_1_5' title="bbox 501 1118 2885 1236; baseline -0.005 -21"><span class='ocrx_word' id='word_1_27' title='bbox 501 1118 694 1236; x_wconf 45' lang='lat' dir='ltr'><strong>Asslss&#39;t’</strong></span> <span class='ocrx_word' id='word_1_28' title='bbox 781 1155 820 1182; x_wconf 88' lang='lat'><strong>“</strong></span> <span class='ocrx_word' id='word_1_29' title='bbox 861 1155 878 1181; x_wconf 89' lang='lat'>‘</span> <span class='ocrx_word' id='word_1_30' title='bbox 902 1152 1107 1219; x_wconf 77' lang='lat' dir='ltr'><strong>nostri,</strong></span> <span class='ocrx_word' id='word_1_31' title='bbox 1135 1170 1334 1209; x_wconf 89' lang='lat' dir='ltr'><strong>omnes</strong></span> <span class='ocrx_word' id='word_1_32' title='bbox 1369 1151 1679 1224; x_wconf 81' lang='lat' dir='ltr'><strong>praedictas</strong></span> <span class='ocrx_word' id='word_1_33' title='bbox 1702 1151 2017 1223; x_wconf 88' lang='lat' dir='ltr'><strong>portiones,</strong></span> <span class='ocrx_word' id='word_1_34' title='bbox 2042 1168 2179 1206; x_wconf 90' lang='lat' dir='ltr'><strong>cum</strong></span> <span class='ocrx_word' id='word_1_35' title='bbox 2214 1149 2482 1205; x_wconf 89' lang='lat' dir='ltr'><strong>omnibus</strong></span> <span class='ocrx_word' id='word_1_36' title='bbox 2517 1148 2885 1220; x_wconf 68' lang='lat' dir='ltr'><strong>pertinentiis</strong></span> 
     </span>
    </p>
   </div>
   <div class='ocr_carea' id='block_1_5' title="bbox 478 1257 721 1303">
    <p class='ocr_par' dir='ltr' id='par_1_5' title="bbox 478 1257 721 1303">
     <span class='ocr_line' id='line_1_6' title="bbox 478 1257 721 1303; baseline 0.004 -2"><span class='ocrx_word' id='word_1_37' title='bbox 478 1257 721 1303; x_wconf 82' lang='lat'><strong>1235-60.</strong></span> 
     </span>
    </p>
   </div>
   <div class='ocr_carea' id='block_1_6' title="bbox 775 1231 2890 4567">
    <p class='ocr_par' dir='ltr' id='par_1_6' title="bbox 775 1231 2890 3736">
     <span class='ocr_line' id='line_1_7' title="bbox 782 1231 2883 1306; baseline -0.003 -13"><span class='ocrx_word' id='word_1_38' title='bbox 782 1239 822 1266; x_wconf 89' lang='lat'><strong>“</strong></span> <span class='ocrx_word' id='word_1_39' title='bbox 863 1239 879 1265; x_wconf 89' lang='lat'>‘</span> <span class='ocrx_word' id='word_1_40' title='bbox 905 1237 1048 1303; x_wconf 84' lang='lat' dir='ltr'><strong>suis,</strong></span> <span class='ocrx_word' id='word_1_41' title='bbox 1091 1236 1436 1303; x_wconf 87' lang='lat' dir='ltr'><strong>aisimentis,</strong></span> <span class='ocrx_word' id='word_1_42' title='bbox 1477 1240 1538 1291; x_wconf 89' lang='lat' dir='ltr'><strong>et</strong></span> <span class='ocrx_word' id='word_1_43' title='bbox 1570 1236 1944 1291; x_wconf 67' lang='lat' dir='ltr'><strong>libertatibus</strong></span> <span class='ocrx_word' id='word_1_44' title='bbox 1994 1233 2368 1306; x_wconf 85' lang='lat' dir='ltr'><strong>supradictis,</strong></span> <span class='ocrx_word' id='word_1_45' title='bbox 2392 1233 2698 1304; x_wconf 65' lang='lat' dir='ltr'><strong>praedicto</strong></span> <span class='ocrx_word' id='word_1_46' title='bbox 2734 1231 2883 1288; x_wconf 91' lang='lat' dir='ltr'><strong>Con-</strong></span> 
     </span>
     <span class='ocr_line' id='line_1_8' title="bbox 783 1316 2885 1389; baseline -0.003 -11"><span class='ocrx_word' id='word_1_47' title='bbox 783 1323 821 1349; x_wconf 88' lang='lat'><strong>“</strong></span> <span class='ocrx_word' id='word_1_48' title='bbox 864 1322 879 1349; x_wconf 82' lang='lat'><em>⁶</em></span> <span class='ocrx_word' id='word_1_49' title='bbox 903 1321 1107 1378; x_wconf 88' lang='lat' dir='ltr'><strong>ventui</strong></span> <span class='ocrx_word' id='word_1_50' title='bbox 1155 1326 1359 1377; x_wconf 88' lang='lat' dir='ltr'><strong>contra</strong></span> <span class='ocrx_word' id='word_1_51' title='bbox 1410 1337 1611 1375; x_wconf 89' lang='lat' dir='ltr'><strong>omnes</strong></span> <span class='ocrx_word' id='word_1_52' title='bbox 1658 1319 1926 1375; x_wconf 90' lang='lat' dir='ltr'><strong>homines</strong></span> <span class='ocrx_word' id='word_1_53' title='bbox 1976 1317 2305 1389; x_wconf 86' lang='lat' dir='ltr'><strong>sumptibus</strong></span> <span class='ocrx_word' id='word_1_54' title='bbox 2351 1317 2568 1373; x_wconf 86' lang='lat' dir='ltr'><strong>nostris</strong></span> <span class='ocrx_word' id='word_1_55' title='bbox 2613 1316 2885 1372; x_wconf 80' lang='lat' dir='ltr'><strong>waranti-</strong></span> 
     </span>
     <span class='ocr_line' id='line_1_9' title="bbox 780 1400 2882 1476; baseline -0.003 -15"><span class='ocrx_word' id='word_1_56' title='bbox 780 1406 822 1433; x_wconf 90' lang='lat'><strong>“</strong></span> <span class='ocrx_word' id='word_1_57' title='bbox 861 1407 879 1434; x_wconf 88' lang='lat'>‘</span> <span class='ocrx_word' id='word_1_58' title='bbox 903 1405 1186 1471; x_wconf 81' lang='lat' dir='ltr'><strong>zabimus,</strong></span> <span class='ocrx_word' id='word_1_59' title='bbox 1237 1404 1724 1476; x_wconf 87' lang='lat' dir='ltr'><strong>adquietabimus,</strong></span> <span class='ocrx_word' id='word_1_60' title='bbox 1765 1409 1826 1460; x_wconf 93' lang='lat' dir='ltr'><strong>et</strong></span> <span class='ocrx_word' id='word_1_61' title='bbox 1864 1401 2287 1469; x_wconf 87' lang='lat' dir='ltr'><strong>defendemus;</strong></span> <span class='ocrx_word' id='word_1_62' title='bbox 2338 1408 2400 1457; x_wconf 91' lang='lat' dir='ltr'><strong>et</strong></span> <span class='ocrx_word' id='word_1_63' title='bbox 2445 1400 2642 1457; x_wconf 90' lang='lat' dir='ltr'><strong>omnia</strong></span> <span class='ocrx_word' id='word_1_64' title='bbox 2687 1417 2882 1466; x_wconf 91' lang='lat' dir='ltr'><strong>onera,</strong></span> 
     </span>
     <span class='ocr_line' id='line_1_10' title="bbox 782 1484 2877 1558; baseline -0.003 -13"><span class='ocrx_word' id='word_1_65' title='bbox 782 1489 823 1518; x_wconf 88' lang='lat'><strong>“</strong></span> <span class='ocrx_word' id='word_1_66' title='bbox 867 1491 882 1517; x_wconf 78' lang='lat'>⁸</span> <span class='ocrx_word' id='word_1_67' title='bbox 910 1488 1207 1545; x_wconf 86' lang='lat' dir='ltr'><strong>ordinaria</strong></span> <span class='ocrx_word' id='word_1_68' title='bbox 1246 1493 1307 1544; x_wconf 91' lang='lat' dir='ltr'><strong>et</strong></span> <span class='ocrx_word' id='word_1_69' title='bbox 1348 1486 1824 1553; x_wconf 85' lang='lat' dir='ltr'><strong>extraordinaria,</strong></span> <span class='ocrx_word' id='word_1_70' title='bbox 1873 1487 1938 1543; x_wconf 93' lang='lat' dir='ltr'><strong>in</strong></span> <span class='ocrx_word' id='word_1_71' title='bbox 1983 1485 2281 1558; x_wconf 86' lang='lat' dir='ltr'><strong>praedictis</strong></span> <span class='ocrx_word' id='word_1_72' title='bbox 2318 1484 2586 1541; x_wconf 89' lang='lat' dir='ltr'><strong>ecclesiis</strong></span> <span class='ocrx_word' id='word_1_73' title='bbox 2632 1488 2694 1540; x_wconf 92' lang='lat' dir='ltr'><strong>et</strong></span> <span class='ocrx_word' id='word_1_74' title='bbox 2737 1501 2877 1555; x_wconf 91' lang='lat' dir='ltr'><strong>pen-</strong></span> 
     </span>
     <span class='ocr_line' id='line_1_11' title="bbox 780 1568 2876 1643; baseline -0.003 -13"><span class='ocrx_word' id='word_1_75' title='bbox 780 1574 822 1600; x_wconf 90' lang='lat'><strong>“</strong></span> <span class='ocrx_word' id='word_1_76' title='bbox 863 1575 880 1601; x_wconf 89' lang='lat'>‘</span> <span class='ocrx_word' id='word_1_77' title='bbox 909 1573 1193 1639; x_wconf 88' lang='lat' dir='ltr'><strong>sionibus,</strong></span> <span class='ocrx_word' id='word_1_78' title='bbox 1257 1589 1392 1628; x_wconf 86' lang='lat' dir='ltr'><strong>cum</strong></span> <span class='ocrx_word' id='word_1_79' title='bbox 1465 1570 1837 1643; x_wconf 84' lang='lat' dir='ltr'><strong>contigerint,</strong></span> <span class='ocrx_word' id='word_1_80' title='bbox 1906 1569 2325 1626; x_wconf 86' lang='lat' dir='ltr'><strong>sustinebimus</strong></span> <span class='ocrx_word' id='word_1_81' title='bbox 2382 1568 2446 1623; x_wconf 92' lang='lat' dir='ltr'><strong>in</strong></span> <span class='ocrx_word' id='word_1_82' title='bbox 2503 1573 2876 1640; x_wconf 85' lang='lat' dir='ltr'><strong>perpetuum.</strong></span> 
     </span>
     <span class='ocr_line' id='line_1_12' title="bbox 779 1651 2885 1727; baseline -0.003 -14"><span class='ocrx_word' id='word_1_83' title='bbox 779 1657 821 1686; x_wconf 74' lang='lat'><strong>‘⁸</strong></span> <span class='ocrx_word' id='word_1_84' title='bbox 863 1659 878 1686; x_wconf 82' lang='lat'><em>⁶</em></span> <span class='ocrx_word' id='word_1_85' title='bbox 904 1657 987 1713; x_wconf 86' lang='lat' dir='ltr'><strong>Et</strong></span> <span class='ocrx_word' id='word_1_86' title='bbox 1025 1656 1102 1712; x_wconf 87' lang='lat' dir='ltr'><strong>ad</strong></span> <span class='ocrx_word' id='word_1_87' title='bbox 1136 1656 1420 1727; x_wconf 85' lang='lat' dir='ltr'><strong>majorem</strong></span> <span class='ocrx_word' id='word_1_88' title='bbox 1455 1655 1635 1726; x_wconf 89' lang='lat' dir='ltr'><strong>hujus</strong></span> <span class='ocrx_word' id='word_1_89' title='bbox 1672 1654 2052 1711; x_wconf 78' lang='lat' dir='ltr'><strong>ordinationis</strong></span> <span class='ocrx_word' id='word_1_90' title='bbox 2093 1652 2492 1717; x_wconf 81' lang='lat' dir='ltr'><strong>securitatem,</strong></span> <span class='ocrx_word' id='word_1_91' title='bbox 2533 1651 2885 1707; x_wconf 88' lang='lat' dir='ltr'><strong>sententiam</strong></span> 
     </span>
     <span class='ocr_line' id='line_1_13' title="bbox 777 1734 2885 1808; baseline -0.002 -13"><span class='ocrx_word' id='word_1_92' title='bbox 777 1741 817 1768; x_wconf 77' lang='lat'><strong>‘⁸</strong></span> <span class='ocrx_word' id='word_1_93' title='bbox 860 1742 876 1769; x_wconf 78' lang='lat'><em>⁸</em></span> <span class='ocrx_word' id='word_1_94' title='bbox 902 1739 1510 1796; x_wconf 82' lang='lat' dir='ltr'><strong>excommunicationis</strong></span> <span class='ocrx_word' id='word_1_95' title='bbox 1547 1738 1611 1793; x_wconf 90' lang='lat' dir='ltr'><strong>in</strong></span> <span class='ocrx_word' id='word_1_96' title='bbox 1644 1755 1845 1793; x_wconf 89' lang='lat' dir='ltr'><strong>omnes</strong></span> <span class='ocrx_word' id='word_1_97' title='bbox 1877 1737 2013 1793; x_wconf 82' lang='lat' dir='ltr'><strong>illos</strong></span> <span class='ocrx_word' id='word_1_98' title='bbox 2046 1734 2570 1808; x_wconf 83' lang='lat' dir='ltr'><strong>promulgavimus,</strong></span> <span class='ocrx_word' id='word_1_99' title='bbox 2597 1734 2702 1806; x_wconf 90' lang='lat' dir='ltr'><strong>qui</strong></span> <span class='ocrx_word' id='word_1_100' title='bbox 2735 1752 2885 1806; x_wconf 81' lang='lat' dir='ltr'><strong>prae-</strong></span> 
     </span>
     <span class='ocr_line' id='line_1_14' title="bbox 778 1818 2878 1894; baseline -0.003 -14"><span class='ocrx_word' id='word_1_101' title='bbox 778 1826 819 1853; x_wconf 82' lang='lat'><strong>‘⁶</strong></span> <span class='ocrx_word' id='word_1_102' title='bbox 861 1826 878 1852; x_wconf 89' lang='lat'>‘</span> <span class='ocrx_word' id='word_1_103' title='bbox 904 1824 1124 1880; x_wconf 86' lang='lat' dir='ltr'><strong>dictam</strong></span> <span class='ocrx_word' id='word_1_104' title='bbox 1169 1822 1592 1879; x_wconf 82' lang='lat' dir='ltr'><strong>ordinationem</strong></span> <span class='ocrx_word' id='word_1_105' title='bbox 1638 1838 1747 1894; x_wconf 90' lang='lat' dir='ltr'><strong>per</strong></span> <span class='ocrx_word' id='word_1_106' title='bbox 1792 1822 2016 1894; x_wconf 88' lang='lat' dir='ltr'><strong>Papam</strong></span> <span class='ocrx_word' id='word_1_107' title='bbox 2051 1820 2148 1877; x_wconf 90' lang='lat' dir='ltr'><strong>vel</strong></span> <span class='ocrx_word' id='word_1_108' title='bbox 2188 1837 2297 1892; x_wconf 88' lang='lat' dir='ltr'><strong>per</strong></span> <span class='ocrx_word' id='word_1_109' title='bbox 2332 1818 2578 1890; x_wconf 83' lang='lat' dir='ltr'><strong>Regem,</strong></span> <span class='ocrx_word' id='word_1_110' title='bbox 2620 1836 2726 1876; x_wconf 89' lang='lat' dir='ltr'><strong>seu</strong></span> <span class='ocrx_word' id='word_1_111' title='bbox 2767 1836 2878 1890; x_wconf 86' lang='lat' dir='ltr'><strong>per</strong></span> 
     </span>
     <span class='ocr_line' id='line_1_15' title="bbox 775 1902 2878 1979; baseline -0.003 -16"><span class='ocrx_word' id='word_1_112' title='bbox 775 1908 816 1935; x_wconf 88' lang='lat'><strong>“</strong></span> <span class='ocrx_word' id='word_1_113' title='bbox 865 1909 881 1935; x_wconf 89' lang='lat'>‘</span> <span class='ocrx_word' id='word_1_114' title='bbox 906 1907 1203 1979; x_wconf 89' lang='lat' dir='ltr'><strong>propriam</strong></span> <span class='ocrx_word' id='word_1_115' title='bbox 1247 1905 1629 1971; x_wconf 86' lang='lat' dir='ltr'><strong>voluntatem,</strong></span> <span class='ocrx_word' id='word_1_116' title='bbox 1679 1905 2076 1970; x_wconf 85' lang='lat' dir='ltr'><strong>infirmabunt,</strong></span> <span class='ocrx_word' id='word_1_117' title='bbox 2128 1920 2234 1960; x_wconf 88' lang='lat' dir='ltr'><strong>seu</strong></span> <span class='ocrx_word' id='word_1_118' title='bbox 2277 1902 2560 1958; x_wconf 86' lang='lat' dir='ltr'><strong>infirmari</strong></span> <span class='ocrx_word' id='word_1_119' title='bbox 2601 1919 2878 1973; x_wconf 86' lang='lat' dir='ltr'><strong>procura-</strong></span> 
     </span>
     <span class='ocr_line' id='line_1_16' title="bbox 778 1986 2880 2062; baseline -0.001 -17"><span class='ocrx_word' id='word_1_120' title='bbox 778 1992 817 2019; x_wconf 88' lang='lat'><strong>“</strong></span> <span class='ocrx_word' id='word_1_121' title='bbox 859 1993 876 2019; x_wconf 89' lang='lat'>‘</span> <span class='ocrx_word' id='word_1_122' title='bbox 900 1991 1082 2057; x_wconf 84' lang='lat' dir='ltr'><strong>bunt3</strong></span> <span class='ocrx_word' id='word_1_123' title='bbox 1144 1989 1261 2047; x_wconf 89' lang='lat' dir='ltr'><strong>nisi</strong></span> <span class='ocrx_word' id='word_1_124' title='bbox 1307 1989 1593 2055; x_wconf 84' lang='lat' dir='ltr'><strong>fortassis,</strong></span> <span class='ocrx_word' id='word_1_125' title='bbox 1638 1996 1880 2062; x_wconf 89' lang='lat' dir='ltr'><strong>propter</strong></span> <span class='ocrx_word' id='word_1_126' title='bbox 1920 1989 2111 2061; x_wconf 86' lang='lat' dir='ltr'><strong>majus</strong></span> <span class='ocrx_word' id='word_1_127' title='bbox 2172 1988 2391 2045; x_wconf 89' lang='lat' dir='ltr'><strong>bonum</strong></span> <span class='ocrx_word' id='word_1_128' title='bbox 2428 1986 2776 2053; x_wconf 81' lang='lat' dir='ltr'><strong>Conventus,</strong></span> <span class='ocrx_word' id='word_1_129' title='bbox 2817 1993 2880 2042; x_wconf 87' lang='lat' dir='ltr'><strong>et</strong></span> 
     </span>
     <span class='ocr_line' id='line_1_17' title="bbox 775 2070 2886 2140; baseline -0.002 -10"><span class='ocrx_word' id='word_1_130' title='bbox 775 2077 816 2105; x_wconf 90' lang='lat'><strong>“</strong></span> <span class='ocrx_word' id='word_1_131' title='bbox 858 2076 875 2103; x_wconf 90' lang='lat'>‘</span> <span class='ocrx_word' id='word_1_132' title='bbox 901 2074 1166 2130; x_wconf 83' lang='lat' dir='ltr'><strong>ecclesiae</strong></span> <span class='ocrx_word' id='word_1_133' title='bbox 1211 2091 1334 2129; x_wconf 78' lang='lat' dir='ltr'><strong>suae</strong></span> <span class='ocrx_word' id='word_1_134' title='bbox 1364 2073 1705 2140; x_wconf 86' lang='lat' dir='ltr'><strong>utilitatem,</strong></span> <span class='ocrx_word' id='word_1_135' title='bbox 1744 2072 1818 2128; x_wconf 88' lang='lat' dir='ltr'><strong>de</strong></span> <span class='ocrx_word' id='word_1_136' title='bbox 1850 2072 2146 2128; x_wconf 90' lang='lat' dir='ltr'><strong>communi</strong></span> <span class='ocrx_word' id='word_1_137' title='bbox 2169 2088 2455 2128; x_wconf 88' lang='lat' dir='ltr'><strong>consensu</strong></span> <span class='ocrx_word' id='word_1_138' title='bbox 2489 2076 2611 2126; x_wconf 85' lang='lat' dir='ltr'><strong>tam</strong></span> <span class='ocrx_word' id='word_1_139' title='bbox 2643 2070 2886 2126; x_wconf 83' lang='lat' dir='ltr'><strong>Domini</strong></span> 
     </span>
     <span class='ocr_line' id='line_1_18' title="bbox 776 2154 2879 2230; baseline -0.002 -16"><span class='ocrx_word' id='word_1_140' title='bbox 776 2159 817 2187; x_wconf 87' lang='lat'><strong>“</strong></span> <span class='ocrx_word' id='word_1_141' title='bbox 859 2160 875 2186; x_wconf 92' lang='lat'>‘</span> <span class='ocrx_word' id='word_1_142' title='bbox 899 2158 1149 2214; x_wconf 89' lang='lat' dir='ltr'><strong>Abbatis</strong></span> <span class='ocrx_word' id='word_1_143' title='bbox 1196 2175 1374 2230; x_wconf 90' lang='lat' dir='ltr'><strong>quam</strong></span> <span class='ocrx_word' id='word_1_144' title='bbox 1417 2158 1601 2213; x_wconf 87' lang='lat' dir='ltr'><strong>totius</strong></span> <span class='ocrx_word' id='word_1_145' title='bbox 1649 2156 1986 2213; x_wconf 87' lang='lat' dir='ltr'><strong>Conventus</strong></span> <span class='ocrx_word' id='word_1_146' title='bbox 2025 2155 2400 2228; x_wconf 84' lang='lat' dir='ltr'><strong>processerit,</strong></span> <span class='ocrx_word' id='word_1_147' title='bbox 2444 2160 2507 2211; x_wconf 91' lang='lat' dir='ltr'><strong>et</strong></span> <span class='ocrx_word' id='word_1_148' title='bbox 2557 2154 2879 2210; x_wconf 79' lang='lat' dir='ltr'><strong>voluntate.</strong></span> 
     </span>
     <span class='ocr_line' id='line_1_19' title="bbox 777 2240 2890 2314; baseline -0.002 -16"><span class='ocrx_word' id='word_1_149' title='bbox 777 2244 818 2270; x_wconf 79' lang='lat'><strong>‘⁸</strong></span> <span class='ocrx_word' id='word_1_150' title='bbox 859 2244 876 2270; x_wconf 89' lang='lat'>‘</span> <span class='ocrx_word' id='word_1_151' title='bbox 903 2240 1250 2314; x_wconf 89' lang='lat' dir='ltr'><strong>Obligamus</strong></span> <span class='ocrx_word' id='word_1_152' title='bbox 1291 2242 1532 2313; x_wconf 87' lang='lat' dir='ltr'><strong>insuper</strong></span> <span class='ocrx_word' id='word_1_153' title='bbox 1579 2257 1704 2307; x_wconf 90' lang='lat' dir='ltr'><strong>nos,</strong></span> <span class='ocrx_word' id='word_1_154' title='bbox 1750 2245 1812 2296; x_wconf 85' lang='lat' dir='ltr'><strong>et</strong></span> <span class='ocrx_word' id='word_1_155' title='bbox 1852 2257 2218 2297; x_wconf 87' lang='lat' dir='ltr'><strong>successores</strong></span> <span class='ocrx_word' id='word_1_156' title='bbox 2272 2244 2520 2304; x_wconf 72' lang='lat' dir='ltr'><strong>nostros,</strong></span> <span class='ocrx_word' id='word_1_157' title='bbox 2572 2245 2890 2310; x_wconf 86' lang='lat' dir='ltr'><strong>spontanea</strong></span> 
     </span>
     <span class='ocr_line' id='line_1_20' title="bbox 781 2320 2888 2391; baseline -0.002 -9"><span class='ocrx_word' id='word_1_158' title='bbox 781 2329 822 2357; x_wconf 87' lang='lat'><strong><em>“</em></strong></span> <span class='ocrx_word' id='word_1_159' title='bbox 864 2329 880 2355; x_wconf 89' lang='lat'>‘</span> <span class='ocrx_word' id='word_1_160' title='bbox 903 2326 1205 2383; x_wconf 88' lang='lat' dir='ltr'><strong>voluntate</strong></span> <span class='ocrx_word' id='word_1_161' title='bbox 1262 2330 1479 2391; x_wconf 87' lang='lat' dir='ltr'><strong>nostra,</strong></span> <span class='ocrx_word' id='word_1_162' title='bbox 1543 2330 1604 2381; x_wconf 93' lang='lat' dir='ltr'><strong>et</strong></span> <span class='ocrx_word' id='word_1_163' title='bbox 1659 2324 1923 2380; x_wconf 85' lang='lat' dir='ltr'><strong>unanimi</strong></span> <span class='ocrx_word' id='word_1_164' title='bbox 1981 2340 2268 2380; x_wconf 88' lang='lat' dir='ltr'><strong>consensu</strong></span> <span class='ocrx_word' id='word_1_165' title='bbox 2317 2322 2651 2379; x_wconf 81' lang='lat' dir='ltr'><strong>Conventus</strong></span> <span class='ocrx_word' id='word_1_166' title='bbox 2697 2320 2888 2378; x_wconf 86' lang='lat' dir='ltr'><strong>nostri</strong></span> 
     </span>
     <span class='ocr_line' id='line_1_21' title="bbox 780 2408 2880 2483; baseline -0.001 -17"><span class='ocrx_word' id='word_1_167' title='bbox 780 2413 820 2441; x_wconf 89' lang='lat'><strong><em>“</em></strong></span> <span class='ocrx_word' id='word_1_168' title='bbox 862 2413 879 2440; x_wconf 90' lang='lat'>‘</span> <span class='ocrx_word' id='word_1_169' title='bbox 901 2409 1187 2483; x_wconf 85' lang='lat' dir='ltr'><strong>praedicti,</strong></span> <span class='ocrx_word' id='word_1_170' title='bbox 1248 2414 1373 2466; x_wconf 89' lang='lat' dir='ltr'><strong>tam</strong></span> <span class='ocrx_word' id='word_1_171' title='bbox 1431 2409 1679 2465; x_wconf 87' lang='lat' dir='ltr'><strong>Domino</strong></span> <span class='ocrx_word' id='word_1_172' title='bbox 1732 2408 1904 2480; x_wconf 82' lang='lat' dir='ltr'><strong>Regi,</strong></span> <span class='ocrx_word' id='word_1_173' title='bbox 1945 2409 2047 2479; x_wconf 83' lang='lat' dir='ltr'><strong>qui</strong></span> <span class='ocrx_word' id='word_1_174' title='bbox 2094 2413 2373 2482; x_wconf 87' lang='lat' dir='ltr'><strong>patronus</strong></span> <span class='ocrx_word' id='word_1_175' title='bbox 2419 2413 2622 2464; x_wconf 88' lang='lat' dir='ltr'><strong>noster</strong></span> <span class='ocrx_word' id='word_1_176' title='bbox 2657 2408 2880 2474; x_wconf 83' lang='lat' dir='ltr'><strong>existit,</strong></span> 
     </span>
     <span class='ocr_line' id='line_1_22' title="bbox 782 2490 2887 2565; baseline -0.002 -14"><span class='ocrx_word' id='word_1_177' title='bbox 782 2498 821 2525; x_wconf 88' lang='lat'><strong>“</strong></span> <span class='ocrx_word' id='word_1_178' title='bbox 864 2497 880 2524; x_wconf 89' lang='lat'>‘</span> <span class='ocrx_word' id='word_1_179' title='bbox 908 2500 969 2551; x_wconf 91' lang='lat' dir='ltr'><strong>et</strong></span> <span class='ocrx_word' id='word_1_180' title='bbox 1026 2493 1358 2550; x_wconf 78' lang='lat' dir='ltr'><strong>haeredibus</strong></span> <span class='ocrx_word' id='word_1_181' title='bbox 1395 2492 1540 2559; x_wconf 87' lang='lat' dir='ltr'><strong>suis,</strong></span> <span class='ocrx_word' id='word_1_182' title='bbox 1592 2492 1696 2565; x_wconf 88' lang='lat' dir='ltr'><strong>qui</strong></span> <span class='ocrx_word' id='word_1_183' title='bbox 1731 2509 1839 2564; x_wconf 91' lang='lat' dir='ltr'><strong>pro</strong></span> <span class='ocrx_word' id='word_1_184' title='bbox 1871 2497 2137 2563; x_wconf 89' lang='lat' dir='ltr'><strong>tempore</strong></span> <span class='ocrx_word' id='word_1_185' title='bbox 2205 2496 2221 2527; x_wconf 83' lang='lat'>¹</span> <span class='ocrx_word' id='word_1_186' title='bbox 2247 2490 2485 2558; x_wconf 86' lang='lat' dir='ltr'><strong>fuerint,</strong></span> <span class='ocrx_word' id='word_1_187' title='bbox 2539 2508 2720 2562; x_wconf 88' lang='lat' dir='ltr'><strong>quam</strong></span> <span class='ocrx_word' id='word_1_188' title='bbox 2769 2490 2887 2547; x_wconf 91' lang='lat' dir='ltr'><strong>Do·</strong></span> 
     </span>
     <span class='ocr_line' id='line_1_23' title="bbox 780 2573 2886 2649; baseline -0.001 -15"><span class='ocrx_word' id='word_1_189' title='bbox 780 2582 821 2609; x_wconf 89' lang='lat'><strong>“</strong></span> <span class='ocrx_word' id='word_1_190' title='bbox 862 2581 878 2608; x_wconf 87' lang='lat'>‘</span> <span class='ocrx_word' id='word_1_191' title='bbox 903 2577 1063 2634; x_wconf 87' lang='lat' dir='ltr'><strong>mino</strong></span> <span class='ocrx_word' id='word_1_192' title='bbox 1109 2578 1305 2649; x_wconf 82' lang='lat' dir='ltr'><strong>Papoe,</strong></span> <span class='ocrx_word' id='word_1_193' title='bbox 1358 2581 1419 2632; x_wconf 89' lang='lat' dir='ltr'><strong>et</strong></span> <span class='ocrx_word' id='word_1_194' title='bbox 1464 2575 1592 2648; x_wconf 88' lang='lat' dir='ltr'><strong>ejus</strong></span> <span class='ocrx_word' id='word_1_195' title='bbox 1629 2575 2087 2641; x_wconf 89' lang='lat' dir='ltr'><strong>successoribus,</strong></span> <span class='ocrx_word' id='word_1_196' title='bbox 2141 2573 2297 2647; x_wconf 89' lang='lat' dir='ltr'><strong>quod</strong></span> <span class='ocrx_word' id='word_1_197' title='bbox 2347 2574 2399 2631; x_wconf 92' lang='lat' dir='ltr'><strong>si</strong></span> <span class='ocrx_word' id='word_1_198' title='bbox 2433 2592 2559 2641; x_wconf 84' lang='lat' dir='ltr'><strong>nos,</strong></span> <span class='ocrx_word' id='word_1_199' title='bbox 2609 2574 2709 2630; x_wconf 90' lang='lat' dir='ltr'><strong>vel</strong></span> <span class='ocrx_word' id='word_1_200' title='bbox 2755 2593 2886 2631; x_wconf 90' lang='lat' dir='ltr'><strong>suc-</strong></span> 
     </span>
     <span class='ocr_line' id='line_1_24' title="bbox 781 2657 2886 2730; baseline -0.001 -12"><span class='ocrx_word' id='word_1_201' title='bbox 781 2665 821 2694; x_wconf 85' lang='lat'><strong>“</strong></span> <span class='ocrx_word' id='word_1_202' title='bbox 863 2666 879 2692; x_wconf 92' lang='lat'>‘</span> <span class='ocrx_word' id='word_1_203' title='bbox 904 2679 1168 2718; x_wconf 87' lang='lat' dir='ltr'><strong>cessores</strong></span> <span class='ocrx_word' id='word_1_204' title='bbox 1216 2660 1423 2725; x_wconf 83' lang='lat' dir='ltr'><strong>nostri,</strong></span> <span class='ocrx_word' id='word_1_205' title='bbox 1475 2665 1678 2716; x_wconf 86' lang='lat' dir='ltr'><strong>contra</strong></span> <span class='ocrx_word' id='word_1_206' title='bbox 1734 2658 2076 2730; x_wconf 72' lang='lat' dir='ltr'><strong>praedictam</strong></span> <span class='ocrx_word' id='word_1_207' title='bbox 2134 2657 2579 2725; x_wconf 85' lang='lat' dir='ltr'><strong>ordinationem,</strong></span> <span class='ocrx_word' id='word_1_208' title='bbox 2640 2658 2704 2713; x_wconf 90' lang='lat' dir='ltr'><strong>in</strong></span> <span class='ocrx_word' id='word_1_209' title='bbox 2759 2664 2886 2715; x_wconf 87' lang='lat' dir='ltr'><strong>toto</strong></span> 
     </span>
     <span class='ocr_line' id='line_1_25' title="bbox 784 2739 2884 2816; baseline -0.001 -16"><span class='ocrx_word' id='word_1_210' title='bbox 784 2747 825 2774; x_wconf 78' lang='lat'><strong>‘⁶</strong></span> <span class='ocrx_word' id='word_1_211' title='bbox 865 2746 880 2773; x_wconf 82' lang='lat'><em>⁶</em></span> <span class='ocrx_word' id='word_1_212' title='bbox 907 2744 1005 2801; x_wconf 89' lang='lat' dir='ltr'><strong>vel</strong></span> <span class='ocrx_word' id='word_1_213' title='bbox 1051 2743 1116 2799; x_wconf 91' lang='lat' dir='ltr'><strong>in</strong></span> <span class='ocrx_word' id='word_1_214' title='bbox 1160 2748 1347 2816; x_wconf 88' lang='lat' dir='ltr'><strong>parte,</strong></span> <span class='ocrx_word' id='word_1_215' title='bbox 1400 2742 1525 2798; x_wconf 91' lang='lat' dir='ltr'><strong>sine</strong></span> <span class='ocrx_word' id='word_1_216' title='bbox 1584 2741 1881 2798; x_wconf 89' lang='lat' dir='ltr'><strong>communi</strong></span> <span class='ocrx_word' id='word_1_217' title='bbox 1925 2758 2170 2798; x_wconf 84' lang='lat' dir='ltr'><strong>assensu</strong></span> <span class='ocrx_word' id='word_1_218' title='bbox 2214 2739 2479 2812; x_wconf 83' lang='lat' dir='ltr'><strong>ejusdem</strong></span> <span class='ocrx_word' id='word_1_219' title='bbox 2524 2740 2884 2810; x_wconf 84' lang='lat' dir='ltr'><strong>Conventus,</strong></span> 
     </span>
     <span class='ocr_line' id='line_1_26' title="bbox 781 2825 2878 2899; baseline -0 -16"><span class='ocrx_word' id='word_1_220' title='bbox 781 2831 823 2860; x_wconf 89' lang='lat'><strong>“</strong></span> <span class='ocrx_word' id='word_1_221' title='bbox 865 2830 881 2857; x_wconf 86' lang='lat'>‘</span> <span class='ocrx_word' id='word_1_222' title='bbox 909 2827 1064 2884; x_wconf 89' lang='lat' dir='ltr'><strong>sicut</strong></span> <span class='ocrx_word' id='word_1_223' title='bbox 1134 2825 1483 2899; x_wconf 70' lang='lat' dir='ltr'><strong>praedictum</strong></span> <span class='ocrx_word' id='word_1_224' title='bbox 1541 2830 1650 2892; x_wconf 91' lang='lat' dir='ltr'><strong>est,</strong></span> <span class='ocrx_word' id='word_1_225' title='bbox 1723 2825 1924 2896; x_wconf 88' lang='lat' dir='ltr'><strong>aliquo</strong></span> <span class='ocrx_word' id='word_1_226' title='bbox 1989 2830 2271 2898; x_wconf 88' lang='lat' dir='ltr'><strong>tempore,</strong></span> <span class='ocrx_word' id='word_1_227' title='bbox 2332 2842 2484 2881; x_wconf 85' lang='lat' dir='ltr'><strong>ausu</strong></span> <span class='ocrx_word' id='word_1_228' title='bbox 2540 2826 2878 2892; x_wconf 88' lang='lat' dir='ltr'><strong>temerario,</strong></span> 
     </span>
     <span class='ocr_line' id='line_1_27' title="bbox 781 2907 2887 2983; baseline 0 -18"><span class='ocrx_word' id='word_1_229' title='bbox 781 2914 824 2941; x_wconf 78' lang='lat'><strong>‘⁶</strong></span> <span class='ocrx_word' id='word_1_230' title='bbox 865 2915 881 2941; x_wconf 91' lang='lat'>‘</span> <span class='ocrx_word' id='word_1_231' title='bbox 909 2909 1088 2983; x_wconf 89' lang='lat' dir='ltr'><strong>(quod</strong></span> <span class='ocrx_word' id='word_1_232' title='bbox 1111 2908 1309 2980; x_wconf 89' lang='lat' dir='ltr'><strong>absit,)</strong></span> <span class='ocrx_word' id='word_1_233' title='bbox 1333 2909 1534 2966; x_wconf 85' lang='lat' dir='ltr'><strong>venire</strong></span> <span class='ocrx_word' id='word_1_234' title='bbox 1554 2908 1577 2942; x_wconf 85' lang='lat'>²</span> <span class='ocrx_word' id='word_1_235' title='bbox 1591 2909 2158 2981; x_wconf 83' lang='lat' dir='ltr'><strong>praesumpserimus‚</strong></span> <span class='ocrx_word' id='word_1_236' title='bbox 2184 2907 2312 2981; x_wconf 90' lang='lat' dir='ltr'><strong>ipse</strong></span> <span class='ocrx_word' id='word_1_237' title='bbox 2338 2908 2627 2966; x_wconf 88' lang='lat' dir='ltr'><strong>Dominus</strong></span> <span class='ocrx_word' id='word_1_238' title='bbox 2650 2909 2795 2976; x_wconf 85' lang='lat' dir='ltr'><strong>Rex,</strong></span> <span class='ocrx_word' id='word_1_239' title='bbox 2824 2917 2887 2966; x_wconf 88' lang='lat' dir='ltr'><strong>et</strong></span> 
     </span>
     <span class='ocr_line' id='line_1_28' title="bbox 783 2992 2885 3067; baseline -0.001 -15"><span class='ocrx_word' id='word_1_240' title='bbox 783 2998 825 3026; x_wconf 88' lang='lat'><strong>“</strong></span> <span class='ocrx_word' id='word_1_241' title='bbox 867 2999 884 3026; x_wconf 90' lang='lat'>‘</span> <span class='ocrx_word' id='word_1_242' title='bbox 908 2996 1039 3067; x_wconf 89' lang='lat' dir='ltr'><strong>ejus</strong></span> <span class='ocrx_word' id='word_1_243' title='bbox 1096 2992 1382 3060; x_wconf 76' lang='lat' dir='ltr'><strong>haeredes,</strong></span> <span class='ocrx_word' id='word_1_244' title='bbox 1419 3010 1525 3050; x_wconf 90' lang='lat' dir='ltr'><strong>nos</strong></span> <span class='ocrx_word' id='word_1_245' title='bbox 1583 2999 1646 3050; x_wconf 91' lang='lat' dir='ltr'><strong>et</strong></span> <span class='ocrx_word' id='word_1_246' title='bbox 1703 3010 2075 3051; x_wconf 87' lang='lat' dir='ltr'><strong>successores</strong></span> <span class='ocrx_word' id='word_1_247' title='bbox 2120 2999 2370 3060; x_wconf 83' lang='lat' dir='ltr'><strong>nostros,</strong></span> <span class='ocrx_word' id='word_1_248' title='bbox 2418 3009 2528 3066; x_wconf 89' lang='lat' dir='ltr'><strong>per</strong></span> <span class='ocrx_word' id='word_1_249' title='bbox 2583 2993 2885 3050; x_wconf 81' lang='lat' dir='ltr'><strong>baroniam</strong></span> 
     </span>
     <span class='ocr_line' id='line_1_29' title="bbox 785 3076 2886 3151; baseline -0 -16"><span class='ocrx_word' id='word_1_250' title='bbox 785 3082 826 3111; x_wconf 72' lang='lat'><strong>‘⁴</strong></span> <span class='ocrx_word' id='word_1_251' title='bbox 866 3082 884 3110; x_wconf 72' lang='lat'><em>⁴</em></span> <span class='ocrx_word' id='word_1_252' title='bbox 908 3084 1186 3145; x_wconf 89' lang='lat' dir='ltr'><strong>nostram,</strong></span> <span class='ocrx_word' id='word_1_253' title='bbox 1236 3083 1300 3135; x_wconf 92' lang='lat' dir='ltr'><strong>et</strong></span> <span class='ocrx_word' id='word_1_254' title='bbox 1344 3077 1473 3149; x_wconf 89' lang='lat' dir='ltr'><strong>ipse</strong></span> <span class='ocrx_word' id='word_1_255' title='bbox 1520 3076 1809 3134; x_wconf 90' lang='lat' dir='ltr'><strong>Dominus</strong></span> <span class='ocrx_word' id='word_1_256' title='bbox 1843 3078 2024 3151; x_wconf 88' lang='lat' dir='ltr'><strong>Papa,</strong></span> <span class='ocrx_word' id='word_1_257' title='bbox 2076 3083 2139 3135; x_wconf 92' lang='lat' dir='ltr'><strong>et</strong></span> <span class='ocrx_word' id='word_1_258' title='bbox 2195 3094 2563 3134; x_wconf 84' lang='lat' dir='ltr'><strong>successores</strong></span> <span class='ocrx_word' id='word_1_259' title='bbox 2609 3077 2726 3145; x_wconf 88' lang='lat' dir='ltr'><strong>sui,</strong></span> <span class='ocrx_word' id='word_1_260' title='bbox 2774 3096 2886 3150; x_wconf 87' lang='lat' dir='ltr'><strong>per</strong></span> 
     </span>
     <span class='ocr_line' id='line_1_30' title="bbox 786 3161 2886 3233; baseline 0 -13"><span class='ocrx_word' id='word_1_261' title='bbox 786 3167 827 3194; x_wconf 91' lang='lat'><strong>“</strong></span> <span class='ocrx_word' id='word_1_262' title='bbox 868 3166 884 3192; x_wconf 92' lang='lat'>‘</span> <span class='ocrx_word' id='word_1_263' title='bbox 909 3179 1215 3220; x_wconf 85' lang='lat' dir='ltr'><strong>censuram</strong></span> <span class='ocrx_word' id='word_1_264' title='bbox 1275 3161 1749 3227; x_wconf 84' lang='lat' dir='ltr'><strong>ecclesiasticam,</strong></span> <span class='ocrx_word' id='word_1_265' title='bbox 1801 3162 2069 3218; x_wconf 85' lang='lat' dir='ltr'><strong>omnibus</strong></span> <span class='ocrx_word' id='word_1_266' title='bbox 2116 3162 2306 3218; x_wconf 88' lang='lat' dir='ltr'><strong>modis</strong></span> <span class='ocrx_word' id='word_1_267' title='bbox 2356 3162 2570 3233; x_wconf 91' lang='lat' dir='ltr'><strong>quibus</strong></span> <span class='ocrx_word' id='word_1_268' title='bbox 2626 3162 2886 3221; x_wconf 89' lang='lat' dir='ltr'><strong>viderint</strong></span> 
     </span>
     <span class='ocr_line' id='line_1_31' title="bbox 785 3244 2884 3319; baseline 0 -16"><span class='ocrx_word' id='word_1_269' title='bbox 785 3250 827 3278; x_wconf 86' lang='lat'><strong>“</strong></span> <span class='ocrx_word' id='word_1_270' title='bbox 867 3250 883 3277; x_wconf 87' lang='lat'>‘</span> <span class='ocrx_word' id='word_1_271' title='bbox 910 3245 1201 3319; x_wconf 84' lang='lat' dir='ltr'><strong>expedire,</strong></span> <span class='ocrx_word' id='word_1_272' title='bbox 1228 3245 1304 3301; x_wconf 87' lang='lat' dir='ltr'><strong>ad</strong></span> <span class='ocrx_word' id='word_1_273' title='bbox 1324 3245 1507 3301; x_wconf 88' lang='lat' dir='ltr'><strong>totius</strong></span> <span class='ocrx_word' id='word_1_274' title='bbox 1537 3244 1834 3317; x_wconf 74' lang='lat' dir='ltr'><strong>praedictoe</strong></span> <span class='ocrx_word' id='word_1_275' title='bbox 1859 3244 2239 3301; x_wconf 88' lang='lat' dir='ltr'><strong>ordinationis</strong></span> <span class='ocrx_word' id='word_1_276' title='bbox 2267 3245 2699 3302; x_wconf 86' lang='lat' dir='ltr'><strong>observantiam</strong></span> <span class='ocrx_word' id='word_1_277' title='bbox 2719 3247 2884 3304; x_wconf 87' lang='lat' dir='ltr'><strong>licite</strong></span> 
     </span>
     <span class='ocr_line' id='line_1_32' title="bbox 787 3329 2884 3404; baseline 0 -17"><span class='ocrx_word' id='word_1_278' title='bbox 787 3335 828 3362; x_wconf 77' lang='lat'><strong>‘⁶</strong></span> <span class='ocrx_word' id='word_1_279' title='bbox 869 3334 885 3360; x_wconf 88' lang='lat'>‘</span> <span class='ocrx_word' id='word_1_280' title='bbox 909 3331 1138 3404; x_wconf 89' lang='lat' dir='ltr'><strong>possint</strong></span> <span class='ocrx_word' id='word_1_281' title='bbox 1183 3329 1550 3401; x_wconf 90' lang='lat' dir='ltr'><strong>compellere,</strong></span> <span class='ocrx_word' id='word_1_282' title='bbox 1602 3334 1662 3385; x_wconf 86' lang='lat' dir='ltr'><strong>et</strong></span> <span class='ocrx_word' id='word_1_283' title='bbox 1708 3329 2019 3385; x_wconf 89' lang='lat' dir='ltr'><strong>efficaciter</strong></span> <span class='ocrx_word' id='word_1_284' title='bbox 2065 3346 2352 3384; x_wconf 89' lang='lat' dir='ltr'><strong>coercere.</strong></span> <span class='ocrx_word' id='word_1_285' title='bbox 2450 3329 2530 3385; x_wconf 82' lang='lat' dir='ltr'><strong>Et</strong></span> <span class='ocrx_word' id='word_1_286' title='bbox 2576 3336 2645 3385; x_wconf 89' lang='lat' dir='ltr'><strong>ut</strong></span> <span class='ocrx_word' id='word_1_287' title='bbox 2687 3332 2884 3387; x_wconf 89' lang='lat' dir='ltr'><strong>omnia</strong></span> 
     </span>
     <span class='ocr_line' id='line_1_33' title="bbox 789 3412 2880 3488; baseline -0 -17"><span class='ocrx_word' id='word_1_288' title='bbox 789 3417 829 3446; x_wconf 74' lang='lat'><strong>‘⁸</strong></span> <span class='ocrx_word' id='word_1_289' title='bbox 870 3418 886 3444; x_wconf 88' lang='lat'>‘</span> <span class='ocrx_word' id='word_1_290' title='bbox 911 3414 1197 3488; x_wconf 81' lang='lat' dir='ltr'><strong>praedicta</strong></span> <span class='ocrx_word' id='word_1_291' title='bbox 1233 3413 1415 3469; x_wconf 89' lang='lat' dir='ltr'><strong>robur</strong></span> <span class='ocrx_word' id='word_1_292' title='bbox 1447 3414 1514 3469; x_wconf 91' lang='lat' dir='ltr'><strong>in</strong></span> <span class='ocrx_word' id='word_1_293' title='bbox 1546 3418 1897 3485; x_wconf 86' lang='lat' dir='ltr'><strong>perpetuum</strong></span> <span class='ocrx_word' id='word_1_294' title='bbox 1935 3412 2249 3479; x_wconf 88' lang='lat' dir='ltr'><strong>obtineant,</strong></span> <span class='ocrx_word' id='word_1_295' title='bbox 2289 3412 2556 3485; x_wconf 81' lang='lat' dir='ltr'><strong>sigillum</strong></span> <span class='ocrx_word' id='word_1_296' title='bbox 2591 3421 2880 3482; x_wconf 84' lang='lat' dir='ltr'><strong>nostrum,</strong></span> 
     </span>
     <span class='ocr_line' id='line_1_34' title="bbox 788 3495 2881 3568; baseline 0 -14"><span class='ocrx_word' id='word_1_297' title='bbox 788 3500 829 3528; x_wconf 86' lang='lat'><strong>“</strong></span> <span class='ocrx_word' id='word_1_298' title='bbox 870 3501 887 3527; x_wconf 89' lang='lat'>‘</span> <span class='ocrx_word' id='word_1_299' title='bbox 910 3516 1029 3554; x_wconf 90' lang='lat' dir='ltr'><strong>una</strong></span> <span class='ocrx_word' id='word_1_300' title='bbox 1074 3515 1211 3553; x_wconf 89' lang='lat' dir='ltr'><strong>cum</strong></span> <span class='ocrx_word' id='word_1_301' title='bbox 1265 3496 1464 3568; x_wconf 89' lang='lat' dir='ltr'><strong>sigillo</strong></span> <span class='ocrx_word' id='word_1_302' title='bbox 1513 3495 1847 3552; x_wconf 91' lang='lat' dir='ltr'><strong>Conventus</strong></span> <span class='ocrx_word' id='word_1_303' title='bbox 1899 3497 2101 3562; x_wconf 89' lang='lat' dir='ltr'><strong>nostri,</strong></span> <span class='ocrx_word' id='word_1_304' title='bbox 2151 3496 2292 3553; x_wconf 90' lang='lat' dir='ltr'><strong>huic</strong></span> <span class='ocrx_word' id='word_1_305' title='bbox 2351 3497 2572 3568; x_wconf 89' lang='lat' dir='ltr'><strong>scripto</strong></span> <span class='ocrx_word' id='word_1_306' title='bbox 2629 3498 2881 3556; x_wconf 83' lang='lat' dir='ltr'><strong>fecimus</strong></span> 
     </span>
     <span class='ocr_line' id='line_1_35' title="bbox 787 3578 2883 3655; baseline 0.001 -16"><span class='ocrx_word' id='word_1_307' title='bbox 787 3585 828 3612; x_wconf 89' lang='lat'><strong>“</strong></span> <span class='ocrx_word' id='word_1_308' title='bbox 868 3586 884 3611; x_wconf 86' lang='lat'><em>‘</em></span> <span class='ocrx_word' id='word_1_309' title='bbox 910 3580 1141 3654; x_wconf 90' lang='lat' dir='ltr'><strong>apponi.</strong></span> <span class='ocrx_word' id='word_1_310' title='bbox 1205 3580 1424 3637; x_wconf 90' lang='lat' dir='ltr'><strong>Datum</strong></span> <span class='ocrx_word' id='word_1_311' title='bbox 1454 3580 1609 3652; x_wconf 89' lang='lat' dir='ltr'><strong>apud</strong></span> <span class='ocrx_word' id='word_1_312' title='bbox 1646 3578 1927 3636; x_wconf 82' lang='lat' dir='ltr'><strong>Sanctum</strong></span> <span class='ocrx_word' id='word_1_313' title='bbox 1955 3579 2269 3648; x_wconf 85' lang='lat' dir='ltr'><strong>Albanum,</strong></span> <span class='ocrx_word' id='word_1_314' title='bbox 2306 3580 2370 3637; x_wconf 93' lang='lat' dir='ltr'><strong>in</strong></span> <span class='ocrx_word' id='word_1_315' title='bbox 2398 3581 2572 3654; x_wconf 89' lang='lat' dir='ltr'><strong>pleno</strong></span> <span class='ocrx_word' id='word_1_316' title='bbox 2608 3581 2883 3655; x_wconf 82' lang='lat' dir='ltr'><strong>Capitulo</strong></span> 
     </span>
     <span class='ocr_line' id='line_1_36' title="bbox 785 3663 2882 3736; baseline 0.002 -15"><span class='ocrx_word' id='word_1_317' title='bbox 785 3669 824 3696; x_wconf 81' lang='lat'><strong>‘⁶</strong></span> <span class='ocrx_word' id='word_1_318' title='bbox 866 3669 1122 3731; x_wconf 86' lang='lat' dir='ltr'><strong>‘nostr0,</strong></span> <span class='ocrx_word' id='word_1_319' title='bbox 1162 3664 1258 3720; x_wconf 90' lang='lat' dir='ltr'><strong>die</strong></span> <span class='ocrx_word' id='word_1_320' title='bbox 1292 3663 1575 3719; x_wconf 86' lang='lat' dir='ltr'><strong>Mercurii</strong></span> <span class='ocrx_word' id='word_1_321' title='bbox 1612 3664 1878 3736; x_wconf 88' lang='lat' dir='ltr'><strong>proxima</strong></span> <span class='ocrx_word' id='word_1_322' title='bbox 1918 3674 2051 3736; x_wconf 89' lang='lat' dir='ltr'><strong>post</strong></span> <span class='ocrx_word' id='word_1_323' title='bbox 2093 3665 2314 3722; x_wconf 85' lang='lat' dir='ltr'><strong>festum</strong></span> <span class='ocrx_word' id='word_1_324' title='bbox 2351 3664 2551 3723; x_wconf 84' lang='lat' dir='ltr'><strong>Sancti</strong></span> <span class='ocrx_word' id='word_1_325' title='bbox 2609 3666 2882 3726; x_wconf 83' lang='lat' dir='ltr'><strong>Matthiae</strong></span> 
     </span>
    </p>

    <p class='ocr_par' dir='ltr' id='par_1_7' title="bbox 786 3746 2887 4567">
     <span class='ocr_line' id='line_1_37' title="bbox 870 3746 2882 3847; baseline 0.001 -41.021"><span class='ocrx_word' id='word_1_326' title='bbox 870 3748 1199 3847; x_wconf 85' lang='lat' dir='ltr'><strong>‘Apostoli,</strong></span> <span class='ocrx_word' id='word_1_327' title='bbox 1248 3765 1399 3804; x_wconf 89' lang='lat' dir='ltr'><strong>anno</strong></span> <span class='ocrx_word' id='word_1_328' title='bbox 1434 3746 1670 3802; x_wconf 89' lang='lat' dir='ltr'><strong>Domini</strong></span> <span class='ocrx_word' id='word_1_329' title='bbox 1705 3746 2022 3804; x_wconf 91' lang='lat' dir='ltr'><strong>millesimo</strong></span> <span class='ocrx_word' id='word_1_330' title='bbox 2058 3746 2457 3805; x_wconf 89' lang='lat' dir='ltr'><strong>ducentesimo</strong></span> <span class='ocrx_word' id='word_1_331' title='bbox 2516 3750 2882 3824; x_wconf 90' lang='lat' dir='ltr'><strong>quinquage-</strong></span> 
     </span>
     <span class='ocr_line' id='line_1_38' title="bbox 786 3830 2879 3907; baseline 0.001 -17"><span class='ocrx_word' id='word_1_332' title='bbox 786 3836 828 3864; x_wconf 84' lang='lat'><strong>“</strong></span> <span class='ocrx_word' id='word_1_333' title='bbox 869 3835 1060 3891; x_wconf 86' lang='lat' dir='ltr'><strong>‘simo</strong></span> <span class='ocrx_word' id='word_1_334' title='bbox 1082 3831 1350 3904; x_wconf 88' lang='lat' dir='ltr'><strong>septimo.</strong></span> <span class='ocrx_word' id='word_1_335' title='bbox 1356 3830 1526 3887; x_wconf 81' lang='lat' dir='ltr'><strong>⁹—Et</strong></span> <span class='ocrx_word' id='word_1_336' title='bbox 1547 3830 1686 3903; x_wconf 88' lang='lat' dir='ltr'><strong>quia</strong></span> <span class='ocrx_word' id='word_1_337' title='bbox 1708 3830 2039 3903; x_wconf 88' lang='lat' dir='ltr'><strong>accepimus</strong></span> <span class='ocrx_word' id='word_1_338' title='bbox 2071 3850 2179 3905; x_wconf 91' lang='lat' dir='ltr'><strong>per</strong></span> <span class='ocrx_word' id='word_1_339' title='bbox 2212 3833 2670 3904; x_wconf 89' lang='lat' dir='ltr'><strong>inquisitionem,</strong></span> <span class='ocrx_word' id='word_1_340' title='bbox 2699 3853 2879 3907; x_wconf 86' lang='lat' dir='ltr'><strong>quam</strong></span> 
     </span>
     <span class='ocr_line' id='line_1_39' title="bbox 789 3913 2879 3987; baseline 0.001 -14"><span class='ocrx_word' id='word_1_341' title='bbox 789 3921 849 3948; x_wconf 89' lang='lat'><strong>“·</strong></span> <span class='ocrx_word' id='word_1_342' title='bbox 866 3918 996 3973; x_wconf 85' lang='lat' dir='ltr'><strong>fieri</strong></span> <span class='ocrx_word' id='word_1_343' title='bbox 1034 3916 1298 3981; x_wconf 79' lang='lat' dir='ltr'><strong>fecimus,</strong></span> <span class='ocrx_word' id='word_1_344' title='bbox 1341 3913 1497 3986; x_wconf 89' lang='lat' dir='ltr'><strong>quod</strong></span> <span class='ocrx_word' id='word_1_345' title='bbox 1542 3914 1823 3986; x_wconf 81' lang='lat' dir='ltr'><strong>praedicta</strong></span> <span class='ocrx_word' id='word_1_346' title='bbox 1867 3915 2126 3987; x_wconf 83' lang='lat' dir='ltr'><strong>provisio</strong></span> <span class='ocrx_word' id='word_1_347' title='bbox 2167 3923 2228 3972; x_wconf 90' lang='lat' dir='ltr'><strong>et</strong></span> <span class='ocrx_word' id='word_1_348' title='bbox 2271 3917 2558 3974; x_wconf 83' lang='lat' dir='ltr'><strong>ordinatio</strong></span> <span class='ocrx_word' id='word_1_349' title='bbox 2597 3917 2765 3976; x_wconf 87' lang='lat' dir='ltr'><strong>cedet</strong></span> <span class='ocrx_word' id='word_1_350' title='bbox 2801 3920 2879 3976; x_wconf 84' lang='lat' dir='ltr'><strong>ad</strong></span> 
     </span>
     <span class='ocr_line' id='line_1_40' title="bbox 790 3997 2873 4072; baseline 0.001 -15"><span class='ocrx_word' id='word_1_351' title='bbox 790 4003 831 4032; x_wconf 77' lang='lat'><strong>‘⁶</strong></span> <span class='ocrx_word' id='word_1_352' title='bbox 865 4006 1144 4065; x_wconf 89' lang='lat' dir='ltr'><strong>nostram,</strong></span> <span class='ocrx_word' id='word_1_353' title='bbox 1173 4004 1234 4055; x_wconf 91' lang='lat' dir='ltr'><strong>et</strong></span> <span class='ocrx_word' id='word_1_354' title='bbox 1254 3997 1556 4054; x_wconf 76' lang='lat' dir='ltr'><strong>haeredum</strong></span> <span class='ocrx_word' id='word_1_355' title='bbox 1589 4003 1943 4064; x_wconf 88' lang='lat' dir='ltr'><strong>nostrorum,</strong></span> <span class='ocrx_word' id='word_1_356' title='bbox 1972 4000 2433 4057; x_wconf 84' lang='lat' dir='ltr'><strong>exonerationem</strong></span> <span class='ocrx_word' id='word_1_357' title='bbox 2458 4009 2520 4058; x_wconf 90' lang='lat' dir='ltr'><strong>et</strong></span> <span class='ocrx_word' id='word_1_358' title='bbox 2540 4002 2873 4072; x_wconf 85' lang='lat' dir='ltr'><strong>utilitatem,</strong></span> 
     </span>
     <span class='ocr_line' id='line_1_41' title="bbox 790 4076 2880 4152; baseline 0.001 -16"><span class='ocrx_word' id='word_1_359' title='bbox 790 4083 830 4110; x_wconf 90' lang='lat'><strong>“</strong></span> <span class='ocrx_word' id='word_1_360' title='bbox 866 4079 1228 4152; x_wconf 84' lang='lat' dir='ltr'><strong>temporibus</strong></span> <span class='ocrx_word' id='word_1_361' title='bbox 1261 4076 1632 4134; x_wconf 86' lang='lat' dir='ltr'><strong>vacationum</strong></span> <span class='ocrx_word' id='word_1_362' title='bbox 1679 4076 1853 4132; x_wconf 85' lang='lat' dir='ltr'><strong>dictae</strong></span> <span class='ocrx_word' id='word_1_363' title='bbox 1888 4077 2213 4143; x_wconf 79' lang='lat' dir='ltr'><strong>Abbathiae,</strong></span> <span class='ocrx_word' id='word_1_364' title='bbox 2251 4096 2358 4135; x_wconf 89' lang='lat' dir='ltr'><strong>nos</strong></span> <span class='ocrx_word' id='word_1_365' title='bbox 2393 4081 2781 4152; x_wconf 89' lang='lat' dir='ltr'><strong>provisionem</strong></span> <span class='ocrx_word' id='word_1_366' title='bbox 2816 4090 2880 4140; x_wconf 89' lang='lat' dir='ltr'><strong>et</strong></span> 
     </span>
     <span class='ocr_line' id='line_1_42' title="bbox 790 4156 2877 4233; baseline 0.001 -17"><span class='ocrx_word' id='word_1_367' title='bbox 790 4163 829 4189; x_wconf 82' lang='lat'><strong>‘⁶</strong></span> <span class='ocrx_word' id='word_1_368' title='bbox 865 4159 1291 4216; x_wconf 85' lang='lat' dir='ltr'><strong>ordinationem</strong></span> <span class='ocrx_word' id='word_1_369' title='bbox 1313 4157 1480 4212; x_wconf 87' lang='lat' dir='ltr'><strong>illam</strong></span> <span class='ocrx_word' id='word_1_370' title='bbox 1501 4162 1691 4212; x_wconf 87' lang='lat' dir='ltr'><strong>ratam</strong></span> <span class='ocrx_word' id='word_1_371' title='bbox 1717 4156 2019 4223; x_wconf 87' lang='lat' dir='ltr'><strong>habentes,</strong></span> <span class='ocrx_word' id='word_1_372' title='bbox 2047 4162 2107 4213; x_wconf 91' lang='lat' dir='ltr'><strong>et</strong></span> <span class='ocrx_word' id='word_1_373' title='bbox 2129 4164 2378 4228; x_wconf 86' lang='lat' dir='ltr'><strong>gratam,</strong></span> <span class='ocrx_word' id='word_1_374' title='bbox 2401 4177 2532 4215; x_wconf 89' lang='lat' dir='ltr'><strong>eam</strong></span> <span class='ocrx_word' id='word_1_375' title='bbox 2561 4177 2665 4233; x_wconf 91' lang='lat' dir='ltr'><strong>pro</strong></span> <span class='ocrx_word' id='word_1_376' title='bbox 2685 4161 2877 4230; x_wconf 90' lang='lat' dir='ltr'><strong>nobis,</strong></span> 
     </span>
     <span class='ocr_line' id='line_1_43' title="bbox 789 4238 2886 4317; baseline 0.001 -18"><span class='ocrx_word' id='word_1_377' title='bbox 789 4245 829 4272; x_wconf 90' lang='lat'><strong>“</strong></span> <span class='ocrx_word' id='word_1_378' title='bbox 867 4250 930 4299; x_wconf 91' lang='lat' dir='ltr'><strong>et</strong></span> <span class='ocrx_word' id='word_1_379' title='bbox 957 4241 1290 4298; x_wconf 81' lang='lat' dir='ltr'><strong>haeredibus</strong></span> <span class='ocrx_word' id='word_1_380' title='bbox 1321 4238 1557 4305; x_wconf 89' lang='lat' dir='ltr'><strong>nostris,</strong></span> <span class='ocrx_word' id='word_1_381' title='bbox 1583 4239 1956 4295; x_wconf 87' lang='lat' dir='ltr'><strong>concedimus</strong></span> <span class='ocrx_word' id='word_1_382' title='bbox 1988 4246 2050 4296; x_wconf 89' lang='lat' dir='ltr'><strong>et</strong></span> <span class='ocrx_word' id='word_1_383' title='bbox 2078 4241 2508 4309; x_wconf 86' lang='lat' dir='ltr'><strong>confirmamus,</strong></span> <span class='ocrx_word' id='word_1_384' title='bbox 2546 4244 2699 4299; x_wconf 88' lang='lat' dir='ltr'><strong>sicut</strong></span> <span class='ocrx_word' id='word_1_385' title='bbox 2731 4263 2886 4317; x_wconf 78' lang='lat' dir='ltr'><strong>prae-</strong></span> 
     </span>
     <span class='ocr_line' id='line_1_44' title="bbox 789 4322 2885 4402; baseline 0 -20"><span class='ocrx_word' id='word_1_386' title='bbox 789 4329 828 4354; x_wconf 87' lang='lat'><strong>“</strong></span> <span class='ocrx_word' id='word_1_387' title='bbox 866 4326 1092 4383; x_wconf 91' lang='lat' dir='ltr'><strong>dictum</strong></span> <span class='ocrx_word' id='word_1_388' title='bbox 1130 4325 1432 4396; x_wconf 85' lang='lat' dir='ltr'><strong>scriptum,</strong></span> <span class='ocrx_word' id='word_1_389' title='bbox 1459 4322 1614 4379; x_wconf 89' lang='lat' dir='ltr'><strong>inter</strong></span> <span class='ocrx_word' id='word_1_390' title='bbox 1645 4339 1745 4378; x_wconf 93' lang='lat' dir='ltr'><strong>eos</strong></span> <span class='ocrx_word' id='word_1_391' title='bbox 1774 4323 2122 4389; x_wconf 80' lang='lat' dir='ltr'><strong>confectum,</strong></span> <span class='ocrx_word' id='word_1_392' title='bbox 2158 4328 2426 4380; x_wconf 87' lang='lat' dir='ltr'><strong>testatur.</strong></span> <span class='ocrx_word' id='word_1_393' title='bbox 2483 4325 2565 4382; x_wconf 84' lang='lat' dir='ltr'><strong>Et</strong></span> <span class='ocrx_word' id='word_1_394' title='bbox 2594 4326 2671 4382; x_wconf 87' lang='lat' dir='ltr'><strong>ad</strong></span> <span class='ocrx_word' id='word_1_395' title='bbox 2702 4328 2885 4402; x_wconf 82' lang='lat' dir='ltr'><strong>hujus</strong></span> 
     </span>
     <span class='ocr_line' id='line_1_45' title="bbox 789 4405 2887 4483; baseline 0.002 -19"><span class='ocrx_word' id='word_1_396' title='bbox 789 4411 828 4437; x_wconf 83' lang='lat'><strong>‘⁶</strong></span> <span class='ocrx_word' id='word_1_397' title='bbox 865 4409 955 4465; x_wconf 88' lang='lat' dir='ltr'><strong>rei</strong></span> <span class='ocrx_word' id='word_1_398' title='bbox 1003 4407 1356 4466; x_wconf 85' lang='lat' dir='ltr'><strong>evidentiam</strong></span> <span class='ocrx_word' id='word_1_399' title='bbox 1389 4405 1691 4477; x_wconf 88' lang='lat' dir='ltr'><strong>majorem,</strong></span> <span class='ocrx_word' id='word_1_400' title='bbox 1742 4405 2014 4462; x_wconf 89' lang='lat' dir='ltr'><strong>volumus</strong></span> <span class='ocrx_word' id='word_1_401' title='bbox 2050 4411 2112 4463; x_wconf 89' lang='lat' dir='ltr'><strong>et</strong></span> <span class='ocrx_word' id='word_1_402' title='bbox 2145 4406 2535 4475; x_wconf 89' lang='lat' dir='ltr'><strong>concedimus,</strong></span> <span class='ocrx_word' id='word_1_403' title='bbox 2573 4427 2682 4483; x_wconf 88' lang='lat' dir='ltr'><strong>pro</strong></span> <span class='ocrx_word' id='word_1_404' title='bbox 2715 4413 2887 4470; x_wconf 89' lang='lat' dir='ltr'><strong>nobis</strong></span> 
     </span>
     <span class='ocr_line' id='line_1_46' title="bbox 790 4488 2886 4567; baseline 0.003 -20"><span class='ocrx_word' id='word_1_405' title='bbox 790 4494 829 4521; x_wconf 79' lang='lat'><strong>‘⁴</strong></span> <span class='ocrx_word' id='word_1_406' title='bbox 867 4499 930 4548; x_wconf 90' lang='lat' dir='ltr'><strong>et</strong></span> <span class='ocrx_word' id='word_1_407' title='bbox 983 4491 1317 4547; x_wconf 77' lang='lat' dir='ltr'><strong>haeredibus</strong></span> <span class='ocrx_word' id='word_1_408' title='bbox 1376 4489 1613 4557; x_wconf 88' lang='lat' dir='ltr'><strong>nostris,</strong></span> <span class='ocrx_word' id='word_1_409' title='bbox 1677 4488 1835 4562; x_wconf 90' lang='lat' dir='ltr'><strong>quod</strong></span> <span class='ocrx_word' id='word_1_410' title='bbox 1891 4490 2066 4547; x_wconf 90' lang='lat' dir='ltr'><strong>Prior</strong></span> <span class='ocrx_word' id='word_1_411' title='bbox 2113 4496 2175 4548; x_wconf 89' lang='lat' dir='ltr'><strong>et</strong></span> <span class='ocrx_word' id='word_1_412' title='bbox 2224 4491 2558 4550; x_wconf 83' lang='lat' dir='ltr'><strong>Conventus</strong></span> <span class='ocrx_word' id='word_1_413' title='bbox 2615 4495 2886 4567; x_wconf 87' lang='lat' dir='ltr'><strong>ejusdem</strong></span> 
     </span>
    </p>
   </div>
   <div class='ocr_carea' id='block_1_7' title="bbox 854 4684 2882 4756">
    <p class='ocr_par' dir='ltr' id='par_1_8' title="bbox 854 4684 2882 4756">
     <span class='ocr_line' id='line_1_47' title="bbox 854 4684 2882 4756; baseline 0.005 -18"><span class='ocrx_word' id='word_1_414' title='bbox 854 4688 871 4722; x_wconf 84' lang='lat'><strong>¹</strong></span> <span class='ocrx_word' id='word_1_415' title='bbox 880 4688 1049 4756; x_wconf 71' lang='lat' dir='ltr'><strong>fierit</strong></span> <span class='ocrx_word' id='word_1_416' title='bbox 1068 4685 1122 4737; x_wconf 88' lang='lat' dir='ltr'><strong>in</strong></span> <span class='ocrx_word' id='word_1_417' title='bbox 1141 4685 1256 4740; x_wconf 81' lang='lat' dir='ltr'><strong>Ms.</strong></span> <span class='ocrx_word' id='word_1_418' title='bbox 1279 4684 1518 4740; x_wconf 82' lang='lat' dir='ltr'><strong>Claudius</strong></span> <span class='ocrx_word' id='word_1_419' title='bbox 1536 4685 1601 4740; x_wconf 82' lang='lat' dir='ltr'><strong>E.</strong></span> <span class='ocrx_word' id='word_1_420' title='bbox 1621 4686 1692 4739; x_wconf 90' lang='lat' dir='ltr'><strong>iv.</strong></span> <span class='ocrx_word' id='word_1_421' title='bbox 1820 4685 1831 4754; x_wconf 94' lang='grc' dir='ltr'>Ι</span> <span class='ocrx_word' id='word_1_422' title='bbox 1870 4688 1892 4721; x_wconf 82' lang='lat'>²</span> <span class='ocrx_word' id='word_1_423' title='bbox 1903 4690 2269 4756; x_wconf 66' lang='lat' dir='ltr'><strong>proeempeoeit</strong></span> <span class='ocrx_word' id='word_1_424' title='bbox 2282 4689 2463 4744; x_wconf 80' lang='lat' dir='ltr'><strong>inMS.</strong></span> <span class='ocrx_word' id='word_1_425' title='bbox 2480 4691 2796 4750; x_wconf 66' lang='lat' dir='ltr'><strong>claudium.</strong></span> <span class='ocrx_word' id='word_1_426' title='bbox 2811 4695 2882 4750; x_wconf 88' lang='lat' dir='ltr'><strong>iv.</strong></span> 
     </span>
    </p>
   </div>
   <div class='ocr_carea' id='block_1_8' title="bbox 3389 5046 3392 5626">
    <p class='ocr_par' dir='ltr' id='par_1_9' title="bbox 3389 5046 3392 5626">
     <span class='ocr_line' id='line_1_48' title="bbox 3389 5046 3392 5626; baseline 0 0"><span class='ocrx_word' id='word_1_427' title='bbox 3389 5046 3392 5626; x_wconf 95' lang='lat' dir='ltr'><strong> </strong></span> 
     </span>
    </p>
   </div>
  </div>
 </body>
</html>
