3450 5717
781 816 910 880 518
1580 822 1931 877 mmlx
1974 808 2099 897 (n).

784 1023 912 1071 tum
949 1013 1354 1087 Apostolicum
1394 1013 1712 1086 diligenter
1756 1016 2055 1078 executus,
2095 1006 2517 1067 examinatione
2552 1005 2666 1062 rite
2707 1005 2879 1071 facta,

784 1098 935 1155 nihil
967 1100 1282 1170 reprobum
1317 1099 1381 1153 in
1419 1114 1672 1171 persona
1707 1098 1882 1154 electi
1921 1095 2246 1169 reperiens,
2286 1108 2503 1149 munus
2546 1090 2888 1148 solemniter

784 1183 1204 1239 benedictionis
1246 1182 1441 1239 eidem
1487 1182 1792 1255 impendit,
1844 1183 1908 1237 in
1950 1180 2225 1245 crastinO,
2269 1178 2515 1244 scilicet,
2540 1174 2887 1232 nativitatis

784 1267 983 1323 Beatoe
1007 1267 1298 1339 Virginis,
1325 1269 1390 1323 in
1412 1267 1681 1324 Ecclesia
1705 1266 1909 1323 Sancti
1934 1261 2201 1336 Albani]
2229 1265 2244 1296 ¹

856 1353 1277 1410 Londoniensis
1313 1368 1456 1412 vero
1490 1352 1840 1424 Episcopus,
1880 1351 2064 1408 variis
2117 1355 2180 1406 et
2214 1347 2415 1405 arduis
2449 1348 2707 1420 negotiis
2741 1362 2889 1417 prae-

785 1438 1038 1509 peditus,
1090 1454 1165 1493 ne
1213 1437 1289 1494 ad
1338 1439 1533 1495 locum
1565 1438 1799 1494 veniret
1846 1439 2235 1494 memoratum
2272 1450 2337 1490 se
2370 1433 2691 1501 excusavit,
2752 1429 2890 1503 Epi·

789 1538 965 1593 scopo
1000 1522 1245 1595 Elyensi
1282 1523 1368 1579 sic
1404 1522 1769 1580 scribens.—

1143 1688 1374 1746 Ditterae
1405 1688 1774 1746 excusatoria
1807 1687 2083 1761 Epinoopi
2118 1684 2558 1744 Dandonem&

864 1804 903 1831 ‘⁸
939 1798 1280 1859 Venerabili
1317 1804 1509 1870 fratri,
1549 1809 1611 1859 et
1646 1801 1836 1860 amico
1870 1803 1935 1859 in
1970 1802 2208 1859 Christo
2244 1800 2571 1866 carissimo,
2620 1796 2885 1871 Hugoni,

794 1887 832 1914 “
870 1885 984 1941 Dei
1021 1888 1231 1958 gratia,
1273 1887 1520 1959 Elyensi
1554 1888 1866 1961 Episcop0,
1918 1884 2212 1960 Rogerus,
2277 1884 2480 1944 divina
2518 1882 2888 1941 miseratione

794 1972 832 1998 “
871 1970 1297 2029 Londoniensis
1352 1972 1637 2029 Ecclesiae
1683 1972 1956 2028 minister
2003 1968 2264 2038 humilis,
2323 1970 2576 2027 salutem
2610 1973 2668 2026 et
2701 1968 2887 2025 since·

794 2054 834 2082 “
871 2073 999 2110 ram
1032 2056 1097 2111 in
1131 2055 1385 2112 Domino
1421 2056 1747 2113 caritatem.
1821 2055 1897 2112 In
1948 2056 2183 2127 negotio
2236 2047 2680 2110 examinationis
2716 2052 2890 2107 electi

793 2142 833 2166 “
874 2139 1072 2195 Sancti
1107 2140 1341 2207 Albani,
1383 2144 1443 2197 et
1490 2140 1949 2198 confirmationis
2004 2140 2291 2213 ejusdem,
2328 2139 2497 2197 vobis
2548 2143 2609 2193 et
2655 2137 2821 2192 nobis
2859 2154 2897 2191 a

793 2227 832 2253 “
870 2224 1123 2282 Domino
1192 2225 1356 2299 Papa
1425 2227 1756 2294 commiss0,
1825 2225 2008 2282 variis
2067 2224 2377 2298 praepediti
2447 2222 2725 2296 negotiis,
2799 2220 2897 2276 die

794 2310 832 2336 ‘⁸
870 2309 1053 2366 Lunae
1088 2309 1353 2382 proxima
1385 2316 1520 2382 post
1554 2310 1797 2367 Festum
1835 2310 2037 2366 Sancti
2083 2308 2404 2373 Laurentii,
2451 2307 2610 2379 apud
2645 2306 2901 2363 Crucem

796 2396 833 2420 “
874 2392 1112 2460 Roisiae,
1172 2395 1233 2449 in
1268 2390 1576 2450 ²Ecclesia
1611 2392 2019 2460 conventuali,
2073 2394 2361 2451 interesse
2413 2409 2529 2448 non
2564 2407 2899 2464 possumne.

794 2479 833 2505 “
870 2477 1015 2533 Ideo
1049 2496 1165 2533 non
1201 2484 1504 2550 expectata
1554 2476 1870 2551 praesentia
1916 2480 2135 2545 nostra,
2191 2478 2349 2550 quod
2395 2480 2662 2534 vestrum
2710 2480 2803 2531 est
2835 2475 2903 2529 in

793 2564 832 2588 ‘⁸
872 2560 1028 2618 dicto
1063 2562 1301 2633 negotio
1337 2560 1723 2635 exequamini.
1799 2558 2016 2619 Valeat
2048 2561 2368 2635 paternitas
2415 2564 2618 2618 vestra
2667 2576 2902 2631 semper

793 2646 832 2672 “
871 2643 934 2701 in
969 2644 1281 2703 Domin0.”
1299 2650 1323 2685 ⁸

993 2796 1160 2867 After
1195 2798 1237 2826 “
1255 2795 1731 2863 confirmamus‚”
1760 2812 1908 2870 pays
1945 2796 2070 2863 310,
2114 2796 2229 2853 line
2265 2797 2333 2851 16
2359 2795 2494 2867 (fol.
2524 2794 2697 2864 6611.)

864 2908 991 2977 Quo
1025 2910 1201 2976 facte,
1241 2910 1408 2966 misit
1459 2909 1735 2983 Elyensis
1774 2909 2106 2967 Conventui
2155 2910 2355 2966 Sancti
2388 2909 2627 2976 Albani,
2664 2908 2740 2964 ad
2776 2926 2901 2964 ma-

786 2991 980 3063 jorem
1015 2993 1514 3062 certificationem,
1554 2995 1785 3051 litteras
1823 2994 1935 3052 sub
1970 2995 2083 3052 hac
2119 2995 2405 3051 forma.—

924 3179 1153 3235 Litterae
1187 3180 1457 3252 Ebyemie
1493 3180 1769 3254 Episcopi
1803 3182 1883 3238 ad
1926 3181 2268 3241 Contentum
2308 3181 2511 3240 Sancti
2546 3180 2776 3237 Albam.

870 3295 908 3320 “
945 3293 1207 3366 H[ugo],
1236 3292 1348 3350 Dei
1384 3294 1596 3366 gratia,
1624 3292 1896 3368 Elyensis
1920 3294 2266 3370 EpiscopuS‚
2295 3295 2526 3352 dilectis
2555 3294 2618 3350 in
2643 3294 2899 3359 christo,

802 3380 846 3405 “
883 3376 1078 3433 Priori
1132 3382 1194 3434 et
1246 3377 1574 3435 Conventui
1633 3379 1834 3435 Sancti
1906 3378 2141 3448 Albani,
2197 3381 2447 3437 salutem
2510 3378 2572 3434 in
2628 3377 2900 3434 Domino,

800 3463 838 3490 “
876 3461 1128 3518 Noverit
1173 3460 1450 3519 discretio
1496 3466 1713 3530 vestra,
1754 3482 1879 3529 nos,
1933 3464 2104 3536 juxta
2154 3466 2400 3521 formam
2435 3462 2699 3520 mandati
2746 3462 2905 3535 Apo-

800 3550 838 3573 “
877 3547 1089 3612 stolici,
1129 3547 1470 3603 electionem
1509 3547 1581 3603 de
1623 3548 1831 3605 Fratre
1870 3546 1911 3604 J
1912 3536 2136 3605 oha‘nne
2171 3550 2245 3605 de
2292 3547 2579 3605 Hertford
2613 3546 2677 3603 in
2710 3545 2907 3603 Abba-

800 3634 838 3657 “
876 3637 997 3686 tem
1026 3631 1373 3687 Monasterii
1408 3633 1611 3699 vestri,
1638 3635 1914 3690 canonice
1952 3634 2325 3701 celebratam,
2365 3631 2712 3691 auctoritate
2746 3630 2905 3704 Apo-

800 3716 838 3741 “
878 3715 1085 3771 stolica
1143 3716 1534 3772 confirmasse.
1646 3706 1951 3786 Quocirca,
2017 3718 2362 3775 auctoritate
2419 3714 2761 3790 Apostolica
2786 3734 2906 3788 qua

799 3802 837 3825 ‘⁶
876 3799 1197 3871 fungimur,
1236 3800 1402 3857 vobis
1439 3800 1804 3869 mandamus,
1859 3801 1923 3857 in
1967 3802 2190 3860 virtute
2243 3800 2589 3858 obedientiae
2637 3800 2903 3857 districte

799 3886 835 3909 “
874 3884 1302 3955 proecipientes,
1343 3884 1500 3956 quod
1535 3885 1788 3941 eundem
1823 3886 2079 3943 electum
2113 3888 2379 3943 vestrum
2424 3885 2489 3941 in
2520 3884 2809 3941 Abbatem
2844 3890 2907 3939 et

799 3969 836 3993 “
874 3972 1169 4039 pastorem
1204 3964 1412 4025 devote
1447 3967 1791 4036 admittatis,
1842 3968 2232 4029 obedientiam
2285 3977 2347 4027 et
2379 3970 2771 4027 reverentiam
2804 3967 2904 4023 de-

799 4053 836 4077 “
873 4050 1055 4107 bitam
1091 4051 1282 4108 eidem
1317 4050 1619 4110 humiliter
1653 4052 2078 4127 impendentes.
2149 4052 2403 4114 Valeant
2440 4049 2518 4127 [et
2553 4050 2835 4123 ecetera].”

993 4222 1224 4283 Litterae
1270 4223 1545 4296 Elyemis
1588 4225 1865 4298 Episcopi
1906 4245 2077 4300 cuper
2127 4226 2227 4282 hoc
2266 4225 2513 4283 Domino
2549 4224 2713 4296 Reqi.

871 4342 1124 4415 Scripsit
1157 4332 1401 4416 insuper
1446 4344 1606 4401 idem
1659 4346 1987 4420 Episcopus
2044 4362 2222 4419 super
2269 4344 2380 4403 hoo
2428 4345 2683 4402 Domino
2728 4343 2901 4416 Regi,

799 4425 908 4479 sub
943 4425 1055 4483 hac
1093 4429 1381 4485 forma.-

865 4665 879 4696 ¹
905 4664 1149 4731 Seepage
1171 4672 1269 4719 514
1291 4678 1422 4731 ante,
1443 4670 1576 4721 Note
1598 4677 1646 4721 4.
1899 4672 1944 4724 is
1998 4672 2266 4724 continued
2308 4629 2446 4723 'here
2494 4681 2547 4723 at
2592 4672 2680 4724 the
2726 4673 2895 4723 words

866 4742 887 4776 ¹
913 4752 960 4793 et
983 4744 1224 4796 Ecclesia
1245 4746 1297 4797 in
1320 4749 1506 4800 Wats’s
1527 4756 1651 4802 text.
1900 4754 1932 4780 ‘⁸
1964 4750 2290 4816 Continuam
2343 4751 2466 4814 ἅσς’
2515 4764 2567 4818 p.
2620 4757 2719 4802 ³10
2768 4760 2909 4813 mue,

868 4826 889 4855 ⁸
912 4824 1021 4876 The
1052 4832 1263 4879 context
1282 4827 1344 4879 of
1370 4826 1484 4881 MS.
1508 4826 1648 4882 Nero
1667 4828 1737 4883 D.
1763 4826 1798 4881 i.
1900 4829 2003 4881 line
2021 4830 2066 4883 7.
