3450 5717
793 829 924 890 500
1573 836 1925 888 APPENDIX
1969 824 2086 911 (c).

797 1032 837 1065 ‘⁶
876 1023 1052 1099 hujus
1101 1024 1305 1098 scripti
1351 1023 1537 1080 nostri
1583 1026 1791 1080 robore
1833 1026 2279 1091 confirmamus;
2318 1030 2404 1089 ut,
2443 1023 2737 1087 videlicet,
2776 1023 2884 1078 Ec·

799 1116 838 1141 ‘⁶
877 1112 1057 1168 clesia
1105 1110 1302 1166 Sancti
1337 1108 1572 1174 Albani,
1624 1115 1686 1166 et
1732 1110 1913 1165 Cellae
1951 1109 2100 1180 ejus,
2140 1114 2201 1164 et
2237 1109 2431 1163 omnia
2463 1108 2539 1163 ad
2573 1125 2673 1163 eas
2708 1108 2887 1179 perti-

800 1198 841 1225 “
877 1195 1091 1259 nentia,
1117 1194 1308 1250 libera
1348 1194 1468 1250 sint
1505 1195 1577 1249 ab
1614 1195 1773 1250 omni
1807 1194 2048 1259 tribute,
2076 1193 2202 1250 sive
2235 1193 2418 1265 regis,
2459 1193 2587 1250 sive
2610 1192 2887 1266 episcopi,

803 1283 843 1308 “
881 1279 1009 1336 sive
1043 1278 1295 1343 comitis,
1331 1277 1715 1343 vicecomitis,
1745 1278 1932 1342 ducis,
1961 1277 2203 1350 judicis,
2240 1282 2301 1333 et
2335 1276 2636 1344 exactoris,
2678 1281 2739 1331 et
2771 1293 2892 1330 om-

803 1367 843 1392 “
879 1364 1054 1420 nibus
1093 1362 1371 1435 operibus
1413 1379 1544 1434 quae
1582 1362 1768 1418 indici
1806 1362 2014 1428 solent,
2053 1362 2151 1418 vel
2188 1358 2588 1418 emendatione
2612 1360 2894 1432 pontium,

803 1450 844 1478 “
882 1447 1276 1510 castellorum,
1343 1463 1678 1517 parcorum.
1782 1444 1798 1478 ¹
1825 1444 2036 1501 Omnia
2099 1445 2279 1501 etiam
2345 1443 2706 1516 pontificalia
2756 1443 2896 1514 jura

804 1535 844 1559 “
884 1531 1185 1587 Cellarum
1226 1529 1431 1585 Sancti
1470 1529 1708 1594 Albani,
1750 1535 1812 1585 et
1848 1529 2252 1585 Ecclesiarmn
2294 1529 2442 1601 ejus,
2484 1528 2595 1585 sub
2634 1526 2897 1600 ejusdem

805 1618 844 1645 “
881 1615 1131 1671 Abbatis
1155 1614 1532 1685 dispositione
1570 1619 1747 1685 atque
1771 1614 2015 1670 arbitrio
2048 1614 2377 1686 pendeant3
2413 1613 2436 1646 ²
2458 1613 2718 1670 chrisma
2737 1628 2896 1673 vero,

805 1702 843 1728 “
882 1700 1077 1754 oleum
1120 1704 1404 1764 sanctum,
1470 1697 1939 1754 consecrationes
1998 1697 2274 1754 altarium
2334 1714 2440 1753 seu
2498 1697 2894 1757 basilicarum,

808 1785 846 1811 ‘⁴
883 1781 1319 1837 benedictiones
1353 1780 1622 1847 Abbatis,
1660 1781 2079 1838 monachorum
2120 1782 2245 1837 sive
2286 1781 2637 1837 clericorum
2670 1779 2899 1836 ordina-

809 1869 847 1895 “
885 1867 1096 1931 tiones,
1137 1883 1173 1921 a
1210 1882 1558 1937 quocunque
1610 1865 1944 1922 malueritis
1997 1865 2300 1922 Catholico
2346 1865 2681 1938 suscipiatis
2731 1863 2900 1919 Anti-

811 1952 850 1979 “
890 1950 1066 2017 stite3
1096 1949 1199 2020 qui
1227 1948 1530 2015 nimirum,
1572 1955 1776 2006 nostra
1807 1949 1993 2005 fultus
2031 1949 2394 2015 auctoritate,
2418 1966 2537 2021 quo
2575 1948 2901 2020 postulatus

808 2037 846 2063 “
883 2033 1066 2089 fuerit
1102 2032 1429 2104 indulgeat,
1475 2050 1585 2088 nec
1624 2051 1845 2104 negare
1888 2032 2045 2104 quod
2082 2033 2376 2106 petieritis
2412 2032 2643 2088 audeat.
2713 2034 2736 2066 ³
2753 2030 2901 2086 Obe-

813 2120 853 2146 “
890 2125 1032 2173 unte
1055 2133 1196 2173 vero
1235 2122 1295 2173 te
1335 2134 1490 2172 nnnc
1516 2115 1785 2188 ejusdem
1823 2116 1939 2172 loci
1962 2116 2214 2181 Abbate‚
2237 2116 2335 2173 vel
2369 2123 2609 2172 tuorum
2644 2113 2905 2187 quolibet

811 2202 851 2228 “
892 2217 1315 2265 successorum,
1363 2199 1567 2256 nullus
1617 2199 1701 2254 ibi
1752 2199 2014 2271 qualibet
2073 2199 2465 2273 subreptionis
2537 2199 2755 2256 astutia
2800 2214 2907 2252 seu

814 2287 854 2313 “
891 2284 1173 2341 violentia
1223 2290 1639 2355 praeponatur-3
1695 2283 1799 2339 sed
1847 2284 2024 2340 liceat
2074 2285 2263 2349 vobis,
2318 2285 2614 2340 communi
2663 2281 2907 2339 consilio

812 2370 855 2396 “
894 2367 1249 2432 Conventus,
1288 2368 1385 2423 vel
1422 2368 1609 2439 partis
1645 2368 1878 2425 consilii
1926 2368 2194 2433 sanioris,
2235 2368 2556 2425 secundum
2591 2367 2705 2423 Dei
2739 2367 2911 2423 timo-

815 2454 856 2480 “
893 2469 1041 2518 rem,
1093 2456 1158 2507 et
1209 2451 1380 2507 Beati
1435 2450 1743 2507 Benedicti
1792 2451 2106 2523 Regulam,
2161 2452 2383 2528 absque
2423 2452 2607 2507 ullius
2656 2458 2882 2507 contra-

817 2538 858 2564 “
894 2535 1168 2601 dictione,
1218 2534 1509 2590 Abbatem
1551 2533 1809 2606 eligeret
1851 2536 1955 2607 qui
1990 2535 2054 2590 in
2089 2536 2457 2607 susceptione
2490 2533 2913 2591 benedictionis

819 2621 857 2647 “
897 2637 1040 2685 suae,
1104 2618 1329 2674 cunctis
1389 2618 1452 2673 in
1509 2623 1814 2690 posterum
1855 2618 2082 2685 diebus,
2149 2618 2261 2674 soli
2307 2618 2585 2675 Romame
2630 2616 2915 2673 Ecclesiae

818 2705 858 2732 “
894 2702 1317 2774 professionem
1366 2701 1713 2758 obedientioe
1762 2702 1972 2759 debeat
2018 2699 2038 2732 ⁴
2054 2702 2345 2758 exhibere.
2416 2701 2532 2758 Oui
2582 2702 2761 2757 etiam
2796 2698 2917 2754 Ab·

817 2788 854 2813 ‘⁸
891 2784 1015 2839 bati
1048 2784 1280 2840 licitum
1329 2785 1427 2851 sit,
1467 2785 1623 2840 sicut
1657 2803 1694 2840 a
1728 2785 2257 2857 praedecessoribus
2307 2785 2528 2841 nostris
2581 2784 2749 2841 vobis
2783 2802 2919 2840 con-

820 2870 859 2896 “
897 2884 1131 2922 cessum
1201 2871 1308 2932 est,
1379 2883 1690 2938 personam
1761 2866 1835 2924 de
1901 2869 2026 2925 suis
2087 2868 2367 2925 fratribus
2428 2886 2604 2941 quam
2662 2867 2920 2924 voluerit

818 2953 857 2980 ‘⁶
895 2955 1206 3015 maturam,
1276 2948 1563 3015 idoneam,
1621 2955 1683 3006 et
1731 2950 2055 3016 honestam,
2110 2952 2485 3020 constituere,
2531 2970 2663 3023 quse
2715 2968 2917 3007 curam

822 3038 861 3063 ‘⁴
900 3034 1228 3089 animarum
1274 3034 1383 3089 sub
1433 3051 1503 3089 eo
1538 3040 1729 3105 gerat,
1783 3041 1844 3091 et
1896 3035 2315 3092 Archidiaconi
2372 3038 2436 3091 in
2483 3035 2752 3091 omnibus
2799 3034 2918 3090 offi-

821 3120 862 3146 “
900 3118 1060 3173 cium
1107 3116 1369 3188 impleat.
1455 3113 1476 3147 ⁵
1491 3117 1718 3173 Verum
1769 3135 1843 3173 ne
1895 3136 2003 3189 per
2056 3117 2078 3149 ⁰
2093 3120 2432 3192 hujusmodi
2466 3119 2916 3191 praerogativam

823 3203 862 3229 ‘⁶
900 3199 1098 3256 Abbas
1132 3198 1402 3272 praedicti
1435 3201 1779 3257 monasterii
1814 3201 2011 3272 aliquo
2058 3206 2319 3274 tempore
2355 3203 2681 3259 faciliorem
2708 3203 2922 3257 fortas·

823 3286 863 3312 “
902 3282 986 3339 sis
1021 3282 1097 3338 ad
1133 3282 1550 3355 Episcopatum
1596 3283 1812 3340 habeat
1844 3301 2161 3350 accessum,
2200 3285 2542 3358 Apostolica
2575 3280 2923 3342 auctoritate

826 3369 864 3395 “
902 3364 1330 3431 interdicimus,
1377 3382 1453 3420 ne
1477 3383 1739 3437 unquam
1772 3367 1839 3423 in
1872 3366 2234 3424 Monasterio
2269 3369 2439 3426 Beati
2485 3369 2701 3425 Albani
2739 3369 2922 3426 Sedes

826 3452 864 3479 ‘⁴
903 3447 1271 3521 Episcopalis
1319 3448 1745 3514 constituatur3
1794 3467 1868 3505 ne
1904 3452 2206 3508 occasione
2240 3451 2358 3508 ista
2406 3452 2752 3525 quandoque
2800 3471 2924 3508 mo-

828 3536 865 3562 “
900 3532 1077 3588 nachi
1100 3531 1476 3605 dispositioni
1511 3532 1855 3606 subjaceant
1890 3533 2260 3602 clericorum,
2298 3541 2359 3592 et
2391 3535 2725 3593 claustralis
2760 3536 2927 3606 quies

829 3618 867 3644 “
904 3615 1198 3681 turbetur,
1252 3631 1476 3671 necnon
1524 3622 1586 3671 et
1624 3616 1919 3687 regularis
1957 3617 2340 3675 observantiae
2377 3618 2707 3692 disciplina,
2746 3620 2925 3675 simul

828 3702 866 3728 ‘⁸
905 3717 1042 3755 cum
1095 3699 1429 3757 substantia
1461 3700 1822 3767 monasterii,
1874 3700 2204 3769 minuatur3
2268 3694 2373 3759 sed
2417 3703 2645 3760 cunctis
2684 3702 2749 3759 in
2790 3720 2925 3774 pos-

828 3786 867 3811 “
904 3790 1100 3839 terum
1136 3782 1364 3849 diebus,
1413 3782 1684 3840 Ecclesia
1732 3783 1936 3840 Sancti
1982 3785 2202 3841 Albani
2235 3804 2353 3841 non
2404 3786 2780 3859 Episcopum,
2820 3786 2927 3842 sed

789 3903 792 3907 «
828 3869 866 3895 “
905 3865 1216 3932 Abbatem,
1244 3884 1282 3921 a
1314 3864 1337 3904 ⁷
1355 3884 1472 3939 quo
1506 3873 1769 3940 regatur,
1808 3868 2057 3934 habeat3
2099 3870 2224 3942 qui,
2251 3870 2325 3925 ob
2359 3871 2751 3927 reverentiam
2772 3871 2929 3943 ejus·

830 3953 869 3979 “
907 3949 1042 4006 dem
1074 3950 1319 4022 pretiosi
1377 3950 1679 4022 Martyris,
1738 3953 2088 4024 pontificalis
2144 3953 2451 4026 dignitatis
2508 3955 2806 4023 honorem,
2863 3956 2929 4010 in

831 4036 870 4062 “
910 4040 1198 4104 quantum
1229 4032 1450 4090 Abbati
1498 4035 1743 4091 concedi
1781 4037 1871 4093 fas
1907 4043 2017 4104 est,
2045 4037 2258 4094 debeat
2291 4039 2590 4107 obtinere;
2628 4038 2923 4106 videlicet,

830 4119 872 4146 “
910 4123 980 4174 ut
1014 4117 1171 4174 sicut
1212 4117 1571 4190 pontificalia
1626 4119 1806 4175 habet
1856 4120 2014 4193 jura,
2077 4121 2164 4177 ita
2212 4128 2274 4178 et
2323 4123 2683 4194 pontificalia
2714 4123 2932 4179 habeat

833 4202 873 4231 ‘⁶
909 4199 933 4231 ⁸
946 4206 1301 4267 ornamenta,
1341 4202 1599 4268 mitram,
1641 4203 1886 4269 scilicet,
1936 4205 2324 4272 chirothecas,
2361 4208 2686 4278 annulum),
2704 4213 2767 4264 et
2798 4224 2932 4263 san-

900 4406 916 4439 ¹
939 4405 1029 4457 De
1065 4406 1457 4473 pontificalibus.
1480 4437 1549 4449 —
1568 4408 1828 4475 Mag-final
1989 4410 2010 4444 ⁵
2042 4409 2113 4463 Ut
2145 4429 2244 4463 non
2275 4415 2469 4479 aspiret
2487 4411 2664 4465 Abbas
2700 4412 2771 4462 ad
2794 4411 2932 4478 Epa·-

832 4483 968 4536 Note
990 4484 1047 4535 in
1069 4486 1186 4538 MS.
1920 4492 2517 4559 scopatum—Margine}
2538 4492 2674 4544 Note
2694 4495 2747 4543 in
2768 4492 2883 4544 MS,

900 4562 924 4595 ²
944 4565 1124 4615 crisma
1143 4564 1198 4616 in
1227 4566 1341 4619 MS.
1987 4569 2009 4601 Β
2030 4569 2178 4636 hujus
2198 4571 2255 4621 in
2276 4572 2430 4625 MSS.

898 4640 922 4673 ⁸
943 4639 1030 4693 De
1045 4640 1276 4695 electione
1284 4642 1830 4712 Abbaazv.-Marginal
1985 4647 2007 4687 ⁷
2039 4666 2143 4714 qua
2162 4650 2217 4702 in
2237 4652 2350 4704 MS.

833 4720 967 4774 Note
987 4720 1042 4771 in
1062 4720 1179 4773 MS.
1814 4789 1821 4797 .
1987 4727 2011 4759 ⁸
2032 4727 2120 4779 De
2157 4732 2448 4781 ornamentis
2480 4745 2588 4797 qaoe
2640 4731 2828 4781 danao*
2856 4731 2931 4779 ἰιι-

906 4800 929 4832 ⁴
950 4797 1147 4851 ‚sam
1168 4799 1221 4852 in
1242 4800 1354 4856 ns.
1922 4807 2160 4873 εἰμι-α..-
2171 4808 2426 4874 Marginal
2448 4810 2580 4869 Note
2600 4810 2654 4861 in
2673 4808 2793 4865 MS.
