3450 5717
1129 844 1550 895 Moms'rsmt
1596 841 1843 893 smc'rl
1888 841 2159 893 ALBANL
2560 829 2687 891 205

751 1164 754 1169 Ι
1112 1068 1562 1154 Reprehensio
1606 1067 1837 1155 ipsius
1880 1068 1941 1134 A
1957 1067 2180 1134 bbatis.
2783 1067 2980 1187 333⁸,

682 1207 922 1273 Omnia
986 1207 1312 1294 siquidem
1375 1208 1518 1274 haec
1564 1206 1997 1273 laudabiliter
2058 1211 2129 1271 et
2204 1204 2555 1282 meritorie,
2623 1211 2692 1272 et
2783 1202 2985 1261 Abbot,

589 1309 662 1374 in
709 1310 1173 1397 sempiternam
1224 1308 1493 1375 laudem
1546 1309 1836 1376 Abbatis
1902 1308 2185 1388 warini,
2236 1330 2454 1374 coram
2510 1305 2529 1344 ¹
2553 1306 2694 1374 Deo
2757 1269 2999 1388 ῃὲῗέὼ,

592 1418 662 1477 et
712 1412 1089 1480 hominibus
1141 1418 1577 1494 coruscarent,
1646 1412 1704 1478 si
1768 1434 1855 1478 ex
1914 1410 2316 1499 patrimonio
2383 1432 2519 1489 suc,
2587 1411 2694 1476 vel
2806 1430 2940 1443 ’-

587 1520 993 1601 conquaestu,
1058 1516 1539 1602 processissent.
1662 1514 1798 1580 Sed
1873 1513 2034 1601 quia
2099 1513 2235 1579 fere
2307 1513 2529 1579 omnia
2608 1535 2695 1580 ex
2718 1527 3034 1609 Injudiqious

589 1616 712 1683 hac
779 1618 1006 1685 sancti
1069 1617 1322 1684 Albani
1382 1617 1652 1686 aedesio.
1716 1617 1806 1684 ad
1869 1617 2055 1682 inam
2114 1615 2543 1694 molesmum,
2620 1617 2693 1682 in
2718 1596 3006 1713 guffiw»

591 1719 788 1805 hujus
831 1721 1114 1787 coenobii
1184 1720 1503 1786 damnum
1548 1726 1617 1786 et
1660 1720 2191 1798 diminutionem,
2258 1725 2414 1786 sunt
2478 1724 2691 1785 trans-
2720 1678 2910 1791 Aybbon
2933 1730 2993 1779 of

585 1821 741 1903 lata,
788 1829 859 1889 et
902 1823 1145 1889 dicitur
1187 1823 1365 1911 quod
1412 1823 1828 1909 eleemosyna
1870 1844 2006 1888 non
2049 1827 2290 1912 potest,
2322 1844 2445 1888 nec
2477 1823 2690 1902 debet,
2716 1795 2946 1929 mr}

589 1925 1153 2013 ineleemosynari,
1198 1948 1241 1991 a
1306 1926 1540 1992 multis
1615 1924 2018 1992 arbitratum
2093 1931 2212 2005 est,
2287 1926 2462 2012 quod
2555 1925 2695 1992 haec
2720 1930 2794 1980 St.
2806 1931 3034 1983 Albtn'fl-

587 2027 773 2094 freno
820 2029 1247 2108 discretionis,
1318 2030 1445 2095 etsi
1509 2050 1646 2095 non
1691 2029 1963 2116 pietate,
2008 2029 2276 2116 penitus
2321 2033 2692 2107 caruerunt,

588 2136 661 2196 et
702 2131 784 2196 de
829 2130 1021 2212 fanto,
1068 2153 1204 2197 non
1247 2131 1522 2210 ratione,
1589 2137 1749 2197 sunt
1815 2136 2174 2218 acceptata.
2297 2131 2695 2209 Praesertim,

588 2255 739 2298 cum
782 2239 1049 2300 tantum
1095 2234 1297 2321 hujus
1343 2234 1648 2312 ecclesiae,
1694 2256 1830 2299 non
1877 2233 2170 2311 alterius,
2234 2233 2698 2321 multipliciter

587 2339 900 2405 astrictus
943 2340 1302 2407 tenebatur
1343 2341 1835 2428 possessionum
1880 2340 2326 2420 incrementis,
2391 2340 2463 2404 in
2532 2345 2701 2405 tem-

585 2443 918 2529 poralibus
965 2448 1035 2509 et
1079 2443 1556 2530 spiritualibus,
1602 2444 1910 2509 insistere
1954 2442 2333 2530 vigilanter.
2424 2440 2452 2478 ⁹
2477 2442 2701 2509 Scitur

587 2552 834 2626 tamen,
882 2545 1094 2631 quod'
1133 2546 1312 2612 locus
1387 2546 1501 2613 ille
1571 2547 1988 2613 fortunatum
2069 2546 2307 2613 diatim
2381 2543 2409 2581 ³
2426 2545 2700 2632 suscipit

588 2648 1094 2715 incrementum.

803 2863 1197 2937 Translatio
1240 2863 1738 2953 Rebzquiaram
1779 2863 2026 2933 Sancti
2070 2863 2499 2953 Amphibali.

681 3001 878 3070 Anno
937 3002 1304 3070 Dominicae
1370 3002 1862 3069 Incarnationis
1929 3003 2278 3069 millesimo
2341 3002 2698 3070 centesimo
2723 3026 3039 3080 Tmmhfio„

594 3105 998 3191 octogesimo
1042 3110 1271 3184 sexte„
1298 3128 1384 3171 ex
1429 3110 1758 3192 praecepto
1804 3105 2080 3171 Domini
2127 3105 2378 3185 Garini,
2409 3105 2698 3172 Abbatis
2723 3094 2783 3144 of
2810 3096 2894 3146 ‘¹¹⁶

593 3206 902 3273 Ecclesiae
955 3207 1186 3274 Sancti
1231 3207 1497 3287 Albani,
1560 3229 1676 3295 per
1749 3207 2178 3295 Suppriorem
2239 3207 2534 3295 ejusdem
2596 3229 2700 3273 ec·
2724 3162 2974 3279 ξὲιίῗιιίἰ

595 3309 827 3388 clesiae,
873 3315 941 3375 et
986 3310 1204 3375 Adam
1254 3309 1626 3391 Cantorem,
1701 3315 1771 3375 et
1847 3308 2260 3376 Gilebertum
2326 3315 2396 3375 et
2460 3309 2701 3375 Balde-
2724 3294 2953 3410 {bibulus
2970 3304 3024 3347 ²⁰

596 3415 869 3492 winum,
917 3412 1256 3492 Sacristas,
1304 3419 1374 3480 et
1419 3413 1752 3500 Rogerum
1829 3412 1909 3478 de
1957 3413 2316 3501 Hospitali,
2364 3413 2694 3479 custodem
2723 3377 2907 3487 ³1:¹32,

597 3515 1027 3603 reliquiarum
1131 3516 1364 3582 Sancti
1464 3514 1872 3603 Amphibali,
1990 3516 2444 3601 sociorumque
2538 3515 2694 3602 ejus,
2723 3495 3031 3614 ῗῧῆῗζξζ

597 3626 835 3685 octavo
880 3617 1221 3684 Kalendas
1288 3618 1337 3684 J
1337 3618 1477 3697 ulii,
1540 3618 1883 3685 translatae
1949 3623 2109 3684 sunt
2168 3618 2464 3704 reliquiae
2530 3641 2699 3707 prae-

598 3721 796 3787 dictae
840 3720 922 3787 de
968 3720 1196 3786 locello
1264 3719 1338 3786 in
1401 3743 1533 3807 quo
1576 3721 1868 3809 primum
1914 3721 2201 3787 conditae
2245 3721 2526 3798 fuerant,
2573 3722 2699 3787 sub

596 3822 888 3888 Domino
950 3822 1238 3904 Simone,
1286 3822 1575 3902 Abbate,
1624 3824 1697 3888 in
1741 3823 2063 3889 feretrum
2108 3845 2376 3905 novum,
2429 3824 2514 3888 ad
2575 3823 2698 3889 hoc

595 3925 969 4012 specialiter
1012 3926 1424 4012 adaptatum,
1472 3931 1558 4003 et,
1606 3926 1692 3990 ad
1737 3925 2051 3992 honorem
2119 3927 2475 3992 eorundem
2523 3926 2699 3990 Mar-

595 4032 848 4114 tyrum,
904 4032 974 4092 et
1034 4027 1333 4092 decorem
1395 4027 1629 4092 domus
1674 4026 1822 4106 Dei,
1868 4050 2029 4093 auro
2076 4032 2145 4093 et
2207 4033 2488 4117 argento
2555 4033 2700 4093 arte

594 4128 963 4196 exclusoria
1019 4128 1361 4217 splendide
1422 4129 1865 4196 adornatum:
1933 4129 2110 4216 quod
2175 4130 2492 4197 nimirum
2536 4129 2698 4196 fere-

594 4237 774 4298 trum
822 4231 1081 4296 medius
1127 4231 1395 4318 quidem
1441 4231 1656 4319 paries
1715 4231 2073 4298 intersecat
2130 4233 2427 4312 interius
2494 4238 2563 4300 et
2623 4232 2699 4298 in

595 4356 676 4399 ea
736 4339 931 4420 parte
994 4334 1178 4419 cujus
1245 4332 1427 4399 frons
1494 4333 1521 4370 ⁴
1540 4334 1948 4401 extrinsecus
2022 4334 2400 4401 Passionem
2469 4334 2700 4402 Sancti

594 4435 985 4524 Amphibali
1029 4436 1364 4524 exprimit,
1395 4437 1702 4524 repositae
1749 4442 1910 4503 sunt
1953 4436 2252 4523 reliquiae
2281 4438 2490 4525 ipsius
2520 4438 2589 4503 M
2594 4460 2697 4504 ar·

661 4684 678 4718 ¹
704 4684 920 4736 Domino
941 4684 996 4734 in
1019 4684 1208 4736 Wats’s
1230 4691 1356 4736 text.
1740 4685 1760 4714 ⁸
1779 4684 1997 4750 suscepit
2015 4683 2069 4735 in
2089 4685 2277 4736 Wats’s
2297 4694 2420 4740 text.

661 4764 684 4798 ²
712 4765 918 4816 Sciam
939 4763 991 4813 in
1007 4764 1196 4815 Wats's
1213 4771 1339 4814 text.
1741 4764 1762 4795 ⁴
1786 4765 2080 4815 intrinsecas
2100 4764 2153 4816 in
2175 4763 2361 4818 Wats's
2383 4774 2508 4820 text.
