3450 5717
478 1017 645 1070 Alfrio
666 1016 754 1080 11„

554 1091 576 1136 1
589 1085 674 1134 lth

518 1151 711 1202 Abbot.

549 1251 687 1264 η

459 1285 615 1338 Fears
637 1285 696 1336 of
710 1302 741 1337 a

463 1353 657 1432 ‚132212311

461 1434 705 1476 ulvaslon.

462 2052 574 2103 The
594 2051 738 2103 relies

463 2119 522 2168 of
551 2119 625 2170 St.

459 2185 633 2236 Alban
656 2201 741 2237 are

461 2253 729 2303 concealed

462 2318 517 2368 in
539 2319 625 2369 the

462 2384 669 2437 church.

454 3548 634 3600 Abbot

455 3615 623 3666 Alfrie
644 3630 755 3680 pre-

450 3683 595 3732 tends
615 3689 668 3733 to

455 3750 577 3799 send
597 3748 683 3799 the

455 3814 601 3866 relies
623 3814 684 3866 of

457 3881 533 3932 St.
557 3880 730 3934 Alban

456 3953 510 3998 to
531 3948 646 4013 Ely.

797 813 883 877 34
1560 825 1772 879 essm
1817 826 2142 880 ABnArtm

799 1012 977 1099 Rege
1028 1010 1352 1091 (hutone,
1415 1010 1727 1092 Haraldo,
1791 1014 2454 1099 Hardeenutoneque,
2512 1013 2671 1082 filiis
2730 1010 2881 1089 suis,

793 1116 868 1180 in
921 1112 1235 1202 ¹sceptris
1280 1114 1518 1201 agebat
1579 1117 1725 1184 Rex
1786 1117 2171 1196 Edwardus‚
2218 1117 2572 1208 piissimus,
2617 1138 2696 1182 ac
2741 1114 2885 1180 Deo

797 1217 1294 1305 acceptissimus.
1416 1216 1503 1282 In
1575 1219 1675 1305 cuj
1682 1242 1761 1288 us
1835 1223 2148 1308 tempore,
2210 1240 2280 1286 se
2345 1221 2886 1306 praeparaverunt

802 1321 995 1398 Dani,
1043 1342 1193 1396 cum
1235 1341 1388 1407 rege
1433 1342 1566 1400 su0,
1606 1321 1940 1388 hostiliter
1980 1321 2313 1409 Angliam·
2359 1323 2629 1404 intrare,
2678 1321 2891 1406 ipsam

794 1423 1090 1490 feraliter
1131 1423 1477 1506 vastaturi,
1507 1424 1616 1490 vel
1660 1447 1780 1494 suo
1823 1425 2117 1493 dominio
2164 1423 2599 1512 subjugaturi.
2692 1418 2887 1503 Quod

796 1550 946 1594 oum
997 1526 1236 1614 Anglis
1279 1526 1592 1605 innotuit,
1639 1528 1898 1615 experti
1956 1550 2136 1616 saepe.
2189 1527 2597 1596 ferocitatem
2643 1546 2886 1604 eorum,

797 1635 867 1695 et
926 1629 1298 1708 avaritiam,
1356 1630 1726 1698 timuerunt
1772 1631 2009 1712 valde;
2070 1630 2228 1718 quia
2270 1653 2494 1719 regem
2550 1627 2886 1696 habebant

794 1732 1139 1819 pacificum
1196 1737 1265 1797 et
1322 1730 1671 1802 imbellem.
1795 1734 2348 1821 Praeparaverunt
2419 1732 2629 1820 igitur
2685 1750 2885 1805 arma,

795 1834 1104 1910 civitates
1149 1854 1301 1900 cum
1351 1834 1584 1902 castris
1631 1835 2170 1913 communientes,
2216 1840 2289 1904 et
2330 1835 2676 1904 thesauros
2734 1852 2887 1900 suos

793 1935 1288 2001 abscondentes.
1407 1935 1637 2002 Abbas
1711 1937 1921 2023 igitur
1991 1936 2282 2004 Alfricus
2355 1936 2513 2006 fecit
2571 1935 2884 2022 reliquias

797 2036 1024 2104 Sancti
1080 2036 1329 2102 Albani
1387 2059 1577 2104 muro
1637 2040 1925 2126 quodam
1993 2040 2196 2121 salve,
2271 2045 2338 2106 et
2413 2044 2676 2116 secrete,
2736 2037 2902 2103 cuns

796 2140 1051 2217 feretro,
1135 2139 1418 2220 recondi,
1480 2140 1745 2224 scilicet,
1807 2141 1930 2208 sub
2010 2143 2210 2210 altari
2284 2142 2516 2210 Sancti
2589 2139 2887 2219 Nicolai3

795 2241 1020 2330 paucis
1072 2241 1344 2308 consciis
1404 2242 1487 2308 de
1541 2241 1875 2325 fratribus,
1933 2242 2158 2310 electis
2223 2244 2520 2334 personis
2577 2241 2890 2331 gravibus

795 2348 864 2410 et
925 2344 1235 2410 honestis,
1356 2342 1549 2408 Misit
1614 2350 1860 2426 autem,
1939 2367 2025 2411 ex
2110 2345 2462 2423 industria,
2521 2345 2594 2410 in
2652 2366 2887 2433 propa-

792 2446 937 2512 tulo
1012 2446 1101 2511 ad
1170 2445 1504 2512 Abbatem
1584 2451 1652 2512 et
1738 2447 2158 2514 Conventum
2219 2447 2590 2534 Elyensem,
2652 2451 2885 2534 petens

791 2549 1135 2614 humiliter
1194 2553 1274 2614 ut
1325 2570 1525 2636 penes
1583 2571 1654 2615 se
1701 2550 2015 2637 reliquias
2068 2549 2295 2618 Sancti
2350 2550 2616 2628 Albani,
2662 2550 2885 2627 donec,

791 2672 949 2738 paee
1021 2650 1300 2734 reddita,
1358 2656 1873 2737 reposcerentur,
1933 2656 2359 2722 reservarent.
2480 2652 2646 2717 Erat
2703 2653 2882 2718 enim

792 2775 1018 2819 eorum
1048 2752 1268 2817 insula
1322 2752 1351 2790 ⁹
1367 2754 2021 2822 intransmeabih‘bus
2064 2756 2467 2823 circumdata
2515 2754 2889 2843 paludibus,

792 2861 862 2922 et
934 2855 1390 2936 arundinetis3
1481 2856 1657 2923 unde
1732 2857 2021 2924 hostium
2051 2938 2068 2948 θ
2095 2858 2391 2924 incursus
2464 2878 2881 2944 nequaquam

790 2958 1178 3025 timuerunt.

795 3222 1160 3294 Ordinatio
1206 3223 1529 3305 veritatis,
1577 3224 1657 3296 de
1699 3225 1879 3296 veris
1921 3233 1982 3294 et
2033 3225 2378 3316 putativae
2433 3224 2710 3308 ossibus,
2762 3246 2881 3294 seu

967 3325 1306 3415 reliquiis,
1366 3328 1610 3396 Sancti
1658 3327 1944 3411 Albani,
1996 3350 2207 3418 penes
2235 3328 2594 3398 monachos
2635 3327 2882 3400 Sancti

967 3428 1237 3500 Albam:
1286 3436 1347 3498 et
1387 3430 1692 3499 Ebisma
1738 3431 2261 3502 mammantibus.

877 3555 1327 3624 Veruntamen
1390 3556 1638 3638 Abbas,
1710 3558 1883 3624 siout
1943 3559 2050 3626 vir
2118 3559 2407 3647 prudens
2473 3562 2545 3624 et
2609 3557 2881 3624 eircum-

787 3663 1064 3747 spectus,
1112 3657 1139 3697 ³
1158 3659 1455 3726 fraudem
1498 3660 1842 3727 hominum
1886 3661 2362 3749 pertimescens,
2410 3683 2493 3727 ne
2530 3660 2722 3741 forte,
2757 3683 2879 3747 ¹cu-

788 3762 1072 3850 piditate
1133 3762 1466 3841 obcoecati,
1527 3763 1824 3830 Elienses
1868 3764 1996 3852 ipsi
2049 3764 2304 3831 Abbati
2357 3764 2882 3832 contradicerent

786 3864 1167 3950 requirenti,
1234 3866 1293 3931 si
1367 3865 1543 3953 ipsas
1605 3863 1633 3901 ⁴
1649 3888 1843 3934 veras
1906 3866 2218 3954 reliquias
2282 3867 2725 3934 committeret
2786 3867 2880 3934 eis

787 3965 1232 4046 reservandas,
1279 3967 1650 4035 transmisit
1706 3968 1866 4035 illuc
1924 3967 2264 4055 cujusdam
2310 3968 2614 4036 monachi
2671 3969 2882 4039 sancti

857 4299 877 4331 1
899 4294 1079 4360 ceptris
1098 4294 1153 4344 in
1172 4293 1288 4347 MS.
1313 4292 1554 4347 Claudius
1575 4293 1638 4345 E.
1658 4293 1728 4345 iv.
1881 4294 2043 4347 found
2064 4296 2117 4347 in
2140 4295 2256 4348 MS.
2279 4295 2416 4347 Nero
2433 4295 2500 4346 D.
2529 4293 2565 4346 i.

855 4373 876 4403 ²
897 4371 1325 4424 intransmeah‘bus
1349 4374 1401 4425 in
1415 4373 1527 4426 MS.
1545 4373 1789 4426 Claudius
1945 4375 1967 4407 ⁴
1991 4375 2085 4429 See
2116 4375 2202 4427 the
2238 4374 2456 4428 decision
2477 4373 2537 4426 of
2552 4373 2770 4426 Edward
2790 4371 2881 4431 IL,

786 4452 926 4504 niv.
946 4472 961 4513 3
985 4455 1241 4504 corrected
1252 4454 1382 4505 from
1398 4454 1658 4505 MS.Nero
1676 4453 1788 4504 D.i.
1879 4470 1934 4506 as
1972 4461 2026 4505 to
2064 4455 2149 4506 the
2187 4461 2299 4505 true
2335 4455 2484 4505 relies
2507 4454 2568 4505 of
2591 4454 2667 4506 st.
2689 4453 2882 4512 Alban,

854 4531 1065 4583 'nese
1098 4533 1427 4584 threewords
1459 4549 1544 4584 are
1579 4532 1790 4584 omitted
1877 4535 2100 4585 between
2159 4533 2244 4584 the
2303 4533 2480 4585 claime
2523 4531 2583 4583 of
2631 4532 2732 4596 Ely
2780 4531 2882 4581 and

785 4609 841 4659 in
861 4609 950 4662 the
990 4618 1101 4664 text
1145 4612 1205 4663 of
1218 4612 1331 4664 MS.
1352 4612 1594 4664 Claudius
1613 4612 1676 4663 Ε.
1699 4611 1792 4675 iv„
1881 4611 1955 4664 St.
1985 4613 2216 4676 Alban’s,
2253 4618 2405 4678 given
2448 4620 2504 4664 at
2541 4609 2882 4662 considerable

784 4691 878 4742 but
898 4705 984 4743 are
1003 4690 1221 4743 inserted
1237 4690 1290 4742 in
1309 4691 1398 4743 the
1416 4691 1631 4758 marg-in,
1663 4691 1721 4741 in
1757 4706 1790 4742 a
1878 4691 2057 4757 length
2075 4692 2132 4743 in
2160 4691 2552 4757 Walsingham’u
2571 4688 2795 4754 Hiemem,
2815 4688 2880 4751 1.‚

786 4770 1061 4824 somevhat
1107 4771 1233 4824 later
1266 4770 1415 4822 hand.
1506 4771 1652 4836 They
1700 4785 1786 4822 are
1881 4786 1930 4835 p.
1975 4776 2088 4834 138,
2115 4776 2227 4823 139.
