3450 5717
1094 823 1514 875 Montis-rann
1558 821 1803 876 emen
1848 821 2122 875 amm,
2524 805 2656 877 20⁷

527 1010 1022 1079 -monachorum
1074 1011 1271 1098 hujus
1323 1011 1629 1093 ecclesiae,
1697 973 2278 1099 septimodecimo
2316 1009 2653 1078 Kalendas
2744 1017 2941 1073 warin.

559 1113 904 1181 Februarii
971 1113 1354 1193 celebratur,
1418 1138 1459 1181 a
1526 1115 1875 1202 praedicto,
1921 1114 2128 1181 fratre
2198 1114 2436 1193 Adam,
2509 1112 2655 1181 Cel·
2744 1085 2939 1212 ssffisst,

555 1214 811 1295 lerario,
850 1216 1070 1284 fuerat
1111 1218 1476 1306 deputata3
1524 1217 1685 1304 quia
1728 1217 1959 1284 eadem
2002 1216 2273 1284 ecclesia
2308 1219 2394 1285 ab
2424 1217 2652 1283 eodem
2767 1217 2906 1269 ΑΒ·

558 1318 893 1407 adquisita
934 1325 1051 1387 est.
1164 1320 1386 1389 Auxit
1433 1320 1760 1409 siquidem
1835 1319 2283 1408 supradictam
2348 1319 2656 1387 obedien·
2718 1289 2963 1393 HJJ-f&

539 1427 738 1514 ⁴tiam,
782 1421 1109 1499 videlicet,
1157 1422 1506 1510 coquinam
1555 1422 2047 1501 monachorum,
2100 1422 2350 1510 proprii
2412 1422 2654 1489 laboris
2680 1433 2920 1482 “W
2941 1418 3006 1468 of
3072 1437 3079 1443 '
3180 1508 3189 1515 .

557 1524 1019 1611 adquisitione,
1070 1547 1293 1592 annuo
1341 1525 1613 1593 redditu
1657 1525 1976 1593 librarum
2006 1529 2275 1593 eentum
2329 1530 2400 1593 et
2445 1527 2653 1594 trium
2678 1485 2952 1602 ἓξὲξ

556 1649 944 1707 marcarum,
989 1628 1487 1716 quatuordecim
1538 1625 1876 1695 ¹denariis
1928 1627 2166 1697 minus.
2683 1618 2997 1750 ἓξεξᾍὲᾙέ

735 1859 1091 1929 statutum
1136 1859 1217 1927 do
1260 1859 1771 1928 Anmzvmarto
1819 1858 2136 1948 (ratfridi
2171 1857 2479 1927 abbatis.

652 2000 996 2068 Statutum
1046 2005 1147 2067 est
1199 2000 1469 2088 insuper
1515 1999 1601 2067 ab
1652 1999 1921 2067 Abbate
1974 1998 2243 2079 GarinO,
2304 2008 2375 2067 et
2427 2023 2469 2065 a
2512 2003 2657 2067 toto
2685 2007 2941 2060 Annivm·-

561 2109 912 2186 conventu‚
956 2106 1038 2170 ut
1096 2100 1276 2170 omni
1328 2125 1505 2170 anno
1549 2125 1592 2168 a
1644 2102 2012 2169 Secretario
2061 2103 2347 2170 ecclesias
2393 2108 2656 2183 nostrae,
2684 2075 2883 2193 ffbssf

563 2206 638 2272 in
691 2204 798 2273 die
823 2206 1114 2281 ,Sanetae
1151 2204 1515 2285 Katerinae,
1561 2227 1682 2294 pro
1734 2205 1959 2271 anima
1998 2204 2280 2272 Galfiridi
2324 2204 2351 2243 ²
2369 2205 2655 2272 Abbatis
2689 2210 2941 2275 Geoffiey.

561 2332 881 2398 pauperes
934 2312 1200 2376 centum
1252 2309 1638 2376 reficiantur
1689 2330 1862 2397 pane
1924 2313 1993 2375 et
2046 2308 2338 2391 cervisia,
2392 2313 2463 2376 et
2520 2331 2655 2376 uno

562 2416 830 2479 tantum
898 2410 1160 2478 ferculo.
1292 2410 1609 2500 Exceptis
1685 2410 1816 2477 hiis
1885 2415 2170 2489 centum,
2225 2411 2479 2479 caeteris
2544 2412 2662 2499 qui

561 2514 591 2554 ⁸
607 2514 1089 2604 superfuerunt,
1143 2515 1335 2603 panis
1385 2536 1663 2581 summae
1721 2513 1920 2580 unius
1963 2513 2283 2581 frumenti
2342 2537 2666 2603 praepare-

561 2623 695 2703 tur,
747 2623 825 2684 ut
846 2615 856 2624 ‘
876 2616 1334 2705 unusquisque
1381 2617 1616 2684 saltem
1663 2638 1905 2705 panem
1957 2616 2311 2684 dimidium
2365 2617 2665 2706 accipiat,

563 2742 651 2789 ne
703 2719 974 2788 omnino
1015 2720 1215 2789 vacui
1261 2719 1602 2789 abcedant.

1040 2945 1221 3019 Abia
1260 2946 1540 3018 statuta
1585 2945 1845 3017 Garimi
1887 2946 2187 3018 Abbatie.

656 3094 691 3122 ‘⁴
736 3084 1065 3151 Instituta
1110 3104 1260 3171 quae
1305 3083 1458 3172 pius
1499 3088 1744 3172 pastor,
1788 3083 2115 3150 Dominus
2161 3083 2461 3165 Garinnn,
2520 3085 2902 3168 Ab-'Regula-

561 3197 599 3228 “
644 3189 779 3266 bas,
825 3187 912 3253 ad
953 3186 1320 3253 utilitatem
1365 3192 1435 3253 et
1478 3208 1706 3275 pacem
1769 3188 1873 3252 sui
1917 3194 2283 3255 conventus
2344 3189 2661 3270 instituit,
2684 3169 2986 3302 {Jugffbffle

563 3300 604 3328 “
649 3291 841 3357 corde
886 3290 1236 3356 retinenda
1293 3294 1364 3356 et
1431 3290 1675 3377 scripto
1751 3291 2273 3357 commendanda
2336 3297 2514 3374 sunt,
2576 3315 2661 3359 ne
2686 3303 2880 3420 gai-¹1:¹2⁹
2893 3370 2981 3420 ad-

567 3403 604 3432 “
647 3393 906 3459 malitia
979 3390 1430 3459 invidentium
1517 3392 1915 3480 quandoque
1983 3393 2452 3481 infringantur,
2543 3417 2658 3462 seu
2686 3436 2897 3487 ditional

568 3503 606 3534 “
652 3492 973 3565 oblivioni
1019 3499 1352 3584 perpetuae
1396 3495 1769 3561 tradantur.
1860 3495 2051 3561 Inter
2093 3502 2331 3563 caetera
2371 3519 2659 3586 namque
2686 3505 2899 3555 comfort

567 3607 609 3639 ‘³
653 3599 925 3688 pietatis
968 3618 1183 3686 opera,
1228 3619 1380 3685 quoe
1423 3598 1510 3664 ad
1539 3597 1949 3665 incrementa
1988 3598 2314 3665 bonorum
2385 3621 2658 3690 operum
2682 3570 2918 3691 ἕξειὲξει,

565 3710 602 3742 “
648 3724 929 3781 suorum,
975 3700 1101 3767 hoc
1157 3723 1278 3789 pro
1323 3701 1639 3783 utilitate,
1709 3706 1782 3768 et
1840 3701 2181 3789 petitione,
2240 3702 2450 3769 totius
2510 3725 2658 3770 con-
2687 3705 2834 3783 qhen
2856 3707 2948 3758 let-

565 3815 601 3845 “
646 3810 890 3872 ventus
933 3804 1194 3892 adjecit,
1239 3807 1320 3869 ut
1363 3804 1604 3870 fratres
1648 3803 1767 3891 qui
1825 3804 1899 3869 in
1960 3809 2191 3872 aestate
2256 3811 2409 3894 post
2468 3808 2666 3874 meri-
2690 3779 2804 3838 ωε
2824 3774 2996 3828 ωοοᾱ·

567 3917 608 3948 “
652 3909 830 3975 diem
872 3930 959 3975 ex
1002 3908 1281 3994 antiquo
1327 3907 1629 3974 minuere
1680 3907 1999 3996 solebant,
2036 3911 2354 3976 concessit
2400 3914 2542 3977 tam
2592 3911 2666 3977 in

569 4020 606 4050 “
652 4015 886 4079 aestate
953 4031 1152 4099 quam
1225 4011 1462 4097 hyeme
1536 4014 1693 4077 ante
1772 4010 2128 4098 prandium
2197 4032 2451 4101 semper
2512 4035 2661 4080 san-

570 4125 606 4151 “
647 4115 921 4203 guinem
963 4113 1289 4178 minuant.
1412 4112 1498 4178 In
1565 4117 1817 4193 aestate,
1870 4113 2099 4180 statim
2162 4119 2315 4201 post
2383 4115 2664 4182 flatrum

569 4226 605 4255 ‘⁴
649 4216 1092 4296 refectionem,
1181 4221 1252 4281 et
1337 4215 1705 4303 gratiarum
1779 4216 2125 4297 actionem,
2196 4217 2271 4282 in
2344 4217 2666 4285 locutorio

569 4328 606 4357 “
649 4320 990 4408 hospitum
1042 4318 1408 4397 divertant,
1457 4338 1572 4385 seu
1641 4319 1717 4385 in
1783 4318 1916 4385 alio
1967 4319 2264 4407 quolibet
2326 4321 2470 4388 loco
2539 4320 2666 4387 sibi

569 4431 604 4461 ‘⁴
650 4422 987 4510 deputato,
1040 4419 1221 4488 Cura
1266 4441 1416 4487 oum
1475 4419 1641 4508 ipsis
1691 4421 2039 4503 existente,
2114 4418 2142 4457 ⁴
2164 4444 2330 4508 quae,
2400 4429 2673 4513 propter

637 4634 1418 4690 laeminWats’soext.
1736 4636 2630 4701 ’npcrsneriueinmNeroEL

639 4717 662 4752 ²
683 4717 909 4771 Omitted
928 4716 986 4768 in
1004 4716 1193 4770 Wats’s
1214 4722 1337 4768 text.
1736 4714 1759 4747 ⁴
1781 4717 1869 4781 qut·
1888 4715 1944 4765 in
1964 4716 2153 4770 Wats's
2172 4725 2294 4772 text.
