3450 5717
824 828 910 891 42
1582 835 1802 889 essm
1844 837 2172 889 annum:

520 1030 770 1092 Frederie,
819 1028 1048 1109 wardi,
1117 1029 1232 1115 qui
1296 1027 1475 1094 vidit
1517 1025 1543 1064 ¹
1565 1009 1834 1114 Septem
1878 1023 2325 1104 Dormientes,
2387 1027 2727 1093 vertentes
2770 1048 2840 1093 se
2882 1049 2926 1092 a

542 1095 737 1223 Abbtgt,
819 1130 1071 1197 dextris
1115 1130 1436 1198 lateribus
1498 1131 1574 1195 in
1617 1129 1969 1195 sinistram.
2062 1127 2277 1194 Omen
2319 1127 2721 1208 mortalium,
2782 1133 2923 1195 An-

574 1231 645 1282 A.
646 1233 711 1283 D·
818 1233 1074 1319 glorum
1117 1233 1447 1321 praecipue
1493 1256 1510 1313 3
1556 1232 1806 1318 rapina,
1853 1230 2136 1309 invidia,
2181 1229 2512 1346 superbia,
2564 1231 2590 1269 ²
2610 1237 2649 1268 “
2670 1251 2925 1320 pernox

512 1300 759 1406 ῙΟΫῘῙΖΊ
822 1342 858 1371 “
898 1335 1095 1414 alea,”
1153 1335 1732 1422 ingurgitationes,
1790 1333 2074 1399 luxuriae
2155 1331 2379 1410 varies,
2465 1332 2925 1412 immunditiae,

486 1460 681 1526 Misery
697 1458 797 1510 and
818 1437 1120 1525 perjuria,
1166 1437 1533 1503 infaustum
1600 1442 2028 1524 susceperunt
2087 1435 2587 1514 incrementum,
2635 1437 2924 1524 igniculo

489 1593 797 1658 throughout
818 1541 1202 1626 frigescente
1270 1539 1585 1605 caritatis.
1677 1537 1704 1577 ⁸
1723 1539 1998 1626 Ubique
2059 1537 2438 1616 effractarii,
2478 1540 2725 1626 passim
2767 1562 2926 1627 rap-

486 1661 737 1726 England,
819 1648 1008 1721 tores,
1073 1642 1512 1728 vagabantur.
1633 1639 1702 1680 2‘
1707 1641 1924 1707 ‘Alea
1966 1637 2274 1729 pernox,
2323 1660 2473 1705 cum
2524 1642 2924 1727 juramentis

818 1745 1262 1823 horribilibus,
1294 1749 1363 1810 et
1408 1744 1647 1833 Anglis
1677 1745 1983 1826 insolitis,
2013 1744 2167 1809 lites
2197 1746 2265 1808 et
2317 1741 2675 1809 homicidia
2722 1746 2923 1810 susci-

817 1847 1011 1914 tavit.
1056 1843 1147 1914 Et
1176 1843 1484 1913 successit
1513 1849 1915 1936 argenteum,
1941 1846 2143 1911 immo
2173 1843 2394 1932 potius
2422 1845 2696 1922 luteum,
2726 1868 2923 1913 aureo

811 1951 957 2039 jam
1003 1951 1237 2020 saeculo
1281 1953 1625 2020 recedenti.

488 2059 745 2141 pega-adas-
909 2053 937 2091 ⁴
954 2056 1526 2122 Conculcabantur
1568 2055 1780 2144 spreti
1810 2059 1877 2122 et
1908 2054 2108 2122 derisi
2137 2051 2394 2119 nobiles
2425 2051 2648 2140 Angli,
2684 2051 2923 2143 jugum

488 2138 594 2247 ἓξὲξ
617 2130 774 2248 ²¹²⁶oe
820 2157 1162 2224 servitutis
1207 2181 1248 2223 a
1292 2163 1587 2247 tempore
1636 2155 1833 2225 Bruti
1878 2157 2260 2233 nescienteS,
2333 2160 2420 2237 et,
2466 2177 2648 2224 more
2692 2155 2720 2195 ³
2749 2158 2820 2224 N
2822 2182 2924 2225 or·

488 2261 570 2378 ‘gn
573 2273 596 2312 t
606 2278 667 2379 h}
667 2327 704 2378 h
818 2283 1228 2342 marmorum,
1260 2259 1502 2327 barbas
1532 2260 1780 2340 radere,
1807 2260 2144 2327 cincinnos
2167 2255 2462 2338 tondere,
2478 2259 2917 2347 cogebantur:

493 2346 724 2463 nofffflty.
818 2363 1128 2452 projectis
1178 2362 1487 2430 cornibus
1534 2367 1604 2430 et
1649 2363 1826 2429 vasis
1896 2361 2129 2440 solitis,
2196 2364 2266 2427 et
2325 2358 2797 2430 refectionibus
2856 2369 2952 2430 et·

820 2466 1334 2554 dapsilitatibus,
1400 2467 1593 2532 novis
1662 2466 1984 2553 compulsi
2044 2469 2202 2531 sunt
2247 2461 2506 2548 legibus
2570 2466 2922 2553 subjacere.

822 2569 1026 2634 Unde
1069 2569 1302 2633 multis
1348 2567 1430 2633 de
1474 2567 1814 2634 nobilibus
1881 2568 2132 2655 Anglis,
2188 2566 2430 2652 jugum
2491 2570 2924 2635 renuentibus

818 2661 1177 2748 servitutiS,
1222 2689 1371 2735 cum
1437 2669 1693 2735 familia
1755 2691 1875 2735 sua
1953 2670 2040 2736 ad
2075 2669 2326 2756 sylvas
2383 2666 2806 2757 fugientibus,
2856 2677 2925 2737 et

817 2772 1069 2859 rapinis
1111 2771 1627 2851 intendentibus,
1672 2772 1794 2837 vix
1838 2778 1980 2838 erat
2024 2776 2252 2838 tutum
2297 2767 2495 2839 alicui
2525 2791 2709 2838 suam
2738 2773 2923 2839 adire

489 2891 705 2941 Precau-
817 2874 1167 2956 viciniam;
1226 2874 1406 2940 unde
1468 2875 1701 2940 domus
1747 2874 2094 2962 cujuslibet
2153 2876 2428 2962 pacifici,
2475 2874 2666 2961 quasi
2706 2875 2924 2940 muni·-

489 2951 756 3088 ὃζξώῗῗ·
818 2977 1063 3062 cipium
1108 2975 1557 3056 obsidendum,
1603 2977 1884 3043 arcubus
1914 2982 1984 3043 et
2027 2978 2309 3065 sagittis,
2340 2977 2533 3066 gaesis
2575 2981 2646 3042 et
2688 2978 2924 3043 securi-

491 3090 642 3140 mken
820 3080 961 3159 bue,
991 3100 1139 3145 cum
1169 3078 1389 3160 clavis,
1421 3078 1587 3157 sicis,
1637 3084 1705 3145 et
1734 3078 1934 3145 furcis
1964 3078 2211 3161 ferreis,
2241 3080 2459 3146 fuerat
2502 3080 2921 3158 communita,

490 3155 728 3273 ξῇᾒίἓιῗο
822 3177 993 3247 ostia
1054 3180 1217 3247 seris
1283 3187 1353 3248 et
1420 3181 1754 3270 repagulis
1820 3181 2130 3248 noctibus
2206 3177 2587 3249 obseranda..
2677 3182 2921 3259 Preces,

823 3283 1011 3370 quasi
1054 3283 1446 3350 imminente
1507 3285 1581 3350 in
1625 3283 1794 3350 mari
1839 3288 2257 3372 tempestate,
2302 3308 2344 3351 a
2387 3284 2629 3351 seniori
2687 3283 2922 3350 domus

492 3387 733 3502 Ufflfte9⁸
823 3386 1262 3467 dicebantur-3
1304 3387 1376 3452 in
1421 3385 1751 3453 clausione
1797 3386 1951 3452 ostii
1996 3386 2106 3452 vel
2148 3386 2604 3465 fenestrarum,
2654 3393 2687 3421 “
2717 3386 2923 3451 Bene-

490 3463 766 3570 boogrfflffl
825 3497 862 3525 “
879 3486 1137 3568 dicite,”
1169 3493 1239 3554 et
1267 3490 1622 3576 responsi0,
1651 3486 1679 3524 ⁶
1702 3495 1742 3526 “
1759 3489 2141 3570 DominuS,''
2171 3493 2546 3556 reverenter
2556 3487 2919 3554 resonabat.

490 3587 742 3638 windows.
826 3591 991 3673 Quae
1036 3590 1438 3656 consuetudo
1481 3612 1689 3677 usque
1736 3591 1822 3657 ad
1865 3596 2094 3658 nostra
2136 3596 2434 3680 tempora
2476 3590 2875 3679 perduravit.

1322 3806 1647 3813 -.—--————

896 3937 910 3966 ¹
937 3936 1047 3986 The
1070 3935 1231 3986 Seven
1254 3936 1481 4000 Sleepers
1503 3934 1562 3985 of
1584 3934 1830 3999 Ephesus,
1920 3936 2128 3988 omitted
2146 3937 2200 3986 in
2221 3937 2332 3989 MS.
2358 3938 2604 4002 Spelman.

827 4016 960 4078 who,
981 4029 1048 4065 ou
1070 4029 1102 4065 a
1134 4014 1445 4079 persecution
1466 4014 1525 4065 of
1553 4014 1637 4065 the
1660 4014 1831 4065 Chris-
1986 4015 2008 4047 ⁵
2029 4015 2144 4066 Re:
2198 4014 2463 4068 willelmus
2517 4019 2579 4081 1.‚
2622 4016 2922 4078 Βωιωᾰιιε,

826 4095 956 4145 tiens
995 4094 1051 4143 in
1087 4094 1171 4145 the
1208 4105 1328 4159 year
1363 4099 1477 4156 251,
1513 4107 1597 4144 are
1631 4093 1739 4144 said
1764 4101 1829 4185 ‘to
1922 4094 2052 4145 Dux
2071 4094 2407 4149 Nor-mannire.
2443 4097 2564 4161 Iste,
2585 4099 2673 4162 qui
2692 4095 2924 4190 'Anyliam

2202 4176 2479 4190 00000

828 4253 926 4305 and
941 4261 1031 4304 not
1042 4261 1096 4303 to
1118 4251 1246 4303 have
1266 4251 1441 4304 awoke
1458 4231 1539 4302 'till
1562 4247 1698 4303 AJ).
1716 4258 1830 4303 446.
1915 4252 2055 4320 plum·
2070 4256 2292 4320 reynavit
2307 4275 2322 4306 .·
2338 4255 2443 4320 xxi,
2456 4265 2504 4306 et
2517 4253 2925 4324 ampliaeae,⁸ecun-

895 4335 917 4363 ²
938 4333 1176 4394 Juvenal,
1203 4331 1314 4383 Sat.
1338 4332 1444 4382 viii.
1469 4332 1502 4382 1.
1533 4337 1610 4381 10.
1924 4334 2035 4383 dum
2100 4339 2132 4363 “
2151 4334 2398 4402 Imayinee
2461 4336 2923 4386 Historiarum?—

898 4413 918 4442 ³
950 4411 1138 4477 Ubique
1159 4449 1172 4463 .
1197 4449 1212 4462 .
1236 4450 1248 4463 .
1274 4449 1287 4464 .
1311 4412 1585 4473 suscitavit,
1624 4412 1833 4463 omitted
1923 4413 2178 4480 Marginal
2199 4414 2356 4466 Notes
2400 4415 2452 4465 in
2469 4415 2581 4468 MS.
2606 4416 2742 4467 Nero
2765 4417 2831 4467 D.
2853 4416 2886 4466 i.

832 4490 885 4541 in
905 4491 1019 4543 MS.
1046 4491 1294 4556 Spelmnn.
1990 4491 2012 4524 ὅ
2033 4497 2067 4521 “
2081 4491 2327 4544 Dominus
2349 4493 2640 4559 vobiscum‚”
2655 4495 2922 4561 evidently,

897 4570 917 4605 ⁴
947 4567 1368 4623 conculcabantur
1400 4610 1413 4624 .
1439 4610 1452 4626 .
1477 4610 1490 4626 .
1515 4610 1529 4625 .
1563 4570 1834 4639 subjacere,
1923 4573 1967 4625 is
1987 4580 2167 4626 meant.
