3450 5717
1122 839 1548 892 umus-mm
1594 842 1845 893 mon
1887 842 2160 893 ALBANI.
2623 829 2710 900 87

566 1027 834 1095 feretri.
863 1047 1065 1094 manu
1114 1028 1393 1116 propria,
1443 1027 1839 1115 (auxiliante
1886 1031 2170 1117 quodam
2203 1028 2457 1116 juvene
2500 1053 2701 1098 saecu-
2764 1036 3019 1104 Geoffroy,

579 1128 723 1211 lari,
755 1130 1078 1218 discipulo
1123 1152 1259 1209 suo,
1290 1130 1636 1197 Sal-amone
1682 1131 1766 1198 de
1811 1132 1995 1220 Ely,)
2041 1138 2111 1198 et
2154 1134 2404 1221 incepit
2433 1139 2500 1200 et
2546 1155 2696 1200 con·
2786 1106 2981 1236 Alffisst,

581 1233 957 1311 summvit,
1012 1233 1367 1321 diligenter
1407 1234 1481 1298 in
1526 1255 1646 1300 suo
1693 1255 1885 1322 opere
1924 1235 2299 1302 aurifabrili
2362 1242 2432 1302 et
2475 1237 2694 1304 animo
2812 1239 2948 1290 ΑΒ·

579 1335 856 1414 studuit,
921 1340 990 1400 et
1032 1356 1238 1401 manu
1301 1335 1650 1415 laboravit,
1709 1336 2185 1425 improperavit
2233 1338 2296 1404 ei
2347 1360 2521 1425 saepe
2565 1339 2695 1405 dis·
2758 1309 3003 1413 ¹¹2⁴&

580 1438 833 1525 cipulus
891 1438 1048 1524 ejus,
1100 1438 1429 1517 Salamon,
1494 1438 1604 1524 (de
1669 1462 1840 1528 pago
1902 1440 2178 1526 Elyensi
2238 1442 2574 1520 oriundus,
2623 1448 2693 1508 et

575 1540 805 1606 favens
865 1540 1107 1607 idcirco
1174 1542 1351 1628 parti
1397 1540 1835 1629 Elyensium,)
1891 1544 2132 1629 saepius
2190 1543 2514 1632 magistro
2563 1566 2683 1611 suo
2714 1563 2891 1616 Doubt
2911 1583 3001 1618 ex-

580 1644 802 1709 dicens
827 1651 975 1724 ;—“
1000 1642 1284 1709 Utinam
1315 1643 1456 1710 haec
1500 1645 1592 1709 sit
1636 1645 1872 1711 domus
1914 1644 2124 1732 ipsius
2170 1646 2687 1733 Protomartyris
2709 1633 3003 1765 ξὴᾞῖῐῑέ

577 1754 612 1780 “
655 1746 919 1825 Albani,
968 1768 1162 1833 quem
1222 1768 1342 1811 vos
1418 1746 1687 1812 creditis
1748 1745 2029 1828 habere;
2102 1747 2276 1814 circa
2338 1771 2539 1834 quam
2581 1754 2688 1815 tot
2713 1764 2957 1817 solomon

580 1854 617 1884 “
660 1848 993 1916 laboribus
1059 1849 1437 1937 fatigamur,
1500 1849 1816 1915 studiosis
1860 1854 1930 1914 et
1989 1851 2447 1937 sumptuosis.''
2559 1851 2685 1918 Cui
2710 1831 2775 1948 (ἐξ
2786 1833 2915 1950 ὲὲῧ
2938 1849 2993 1884 ⁸⁸

577 1951 892 2038 Magister
932 1952 1320 2018 Anketillus
1342 1958 1486 2032 ;—“
1514 1951 1765 2032 Amice,
1811 1952 2036 2033 amice,
2069 1951 2293 2019 desine
2323 1953 2488 2019 talia
2530 1953 2685 2035 fari3
2709 1966 2951 2030 genuine-

575 2063 612 2090 “
655 2059 873 2119 certus
917 2076 1064 2119 sum
1094 2054 1272 2140 quod
1317 2054 1457 2121 haec
1502 2054 1756 2133 domus,
1791 2052 1936 2138 (nec
1981 2054 2196 2121 adhuc
2226 2057 2555 2143 condigna
2584 2062 2687 2124 est
2708 2034 2906 2150 ssgffoe‘ff
2917 2033 3005 2084 ‘¹²⁸

573 2164 610 2192 “
655 2162 795 2222 tam
823 2157 1106 2244 glorioso
1147 2157 1491 2244 Martym),
1540 2155 1851 2222 conclave
1895 2160 1968 2222 et
2012 2158 2511 2225 reclinatorium
2557 2161 2687 2225 erit

577 2266 615 2296 “
656 2259 863 2347 ipsius
923 2259 1239 2345 Martyris
1298 2258 1564 2325 Albani.
1656 2258 2060 2326 Benedictus
2106 2259 2305 2339 Deus,
2354 2261 2470 2347 qui
2518 2260 2686 2328 hanc

575 2368 614 2401 “
656 2362 743 2428 ad
808 2362 912 2428 sui
972 2363 1285 2428 honorem
1346 2361 1662 2429 concessit
1724 2361 2043 2449 operandi
2104 2363 2428 2450 peritiam.
2542 2364 2684 2451 Ego

577 2474 614 2501 ‘⁸
654 2464 1030 2546 indefessus,
1074 2469 1145 2531 et
1191 2464 1425 2545 libens,
1470 2464 1599 2551 ipsi
1630 2464 1816 2552 operi
1860 2485 2126 2551 operam
2171 2465 2514 2545 adhibebo,
2563 2488 2684 2533 nec

577 2574 615 2603 “
657 2590 970 2655 unquam,
1012 2569 1205 2634 fictus
1244 2572 1365 2634 aut
1408 2567 1634 2643 fessus,
1677 2566 2014 2633 fiuitabo.”

663 2672 876 2738 Nocte
917 2676 1141 2738 autem
1199 2693 1352 2752 una,
1413 2670 1722 2758 apparuit
1790 2670 1851 2735 ei
1911 2668 2194 2755 Sanctus
2255 2671 2517 2758 Martyr
2557 2670 2677 2738 Al-
2702 2668 2775 2721 St.
2801 2669 2969 2723 Alban

572 2774 798 2854 banus,
847 2773 1040 2840 vultu
1091 2774 1293 2839 alacri
1343 2777 1412 2839 et
1453 2794 1700 2853 sereno,
1751 2778 1821 2839 et
1869 2773 2058 2859 quasi
2100 2796 2222 2861 pro
2264 2773 2490 2840 labore
2534 2795 2675 2856 suo,
2699 2747 2984 2865 {pssssnffim

575 2882 646 2942 et
687 2899 808 2963 pro
854 2875 1072 2943 verbis
1116 2899 1265 2963 quae
1311 2898 1432 2963 pro
1484 2898 1562 2942 eo
1606 2875 1910 2953 faciebat,
1953 2876 2208 2963 gratias
2254 2898 2476 2965 agens,
2523 2899 2676 2944 con-
2698 2869 2781 2921 ὼε
2801 2872 2945 2936 gold-

569 2979 912 3066 solansque
976 2979 1075 3044 ait
1096 2987 1239 3059 ;—“
1271 2978 1572 3066 Operare,
1645 2978 1744 3042 fili
1787 2978 1898 3059 mi,
1946 2983 2016 3043 et
2062 2974 2325 3044 artifex'
2362 2980 2676 3068 specialis,
2697 2937 2972 3070 ξιξὲξῑῃῐῗ

572 3090 608 3119 ‘⁴
651 3082 989 3163 advocate,
1023 3086 1091 3148 et
1133 3081 1507 3168 hospitator
1549 3103 1775 3160 meus;
1822 3081 1978 3166 quia
2020 3085 2090 3145 te
2135 3085 2379 3160 manet,
2428 3082 2510 3147 de
2541 3105 2676 3169 qua
2698 3070 2871 3122 ”⁰⁰¹³-

572 3192 610 3221 “
650 3208 790 3251 non
830 3184 1254 3261 fraudaberis,
1302 3205 1548 3249 merces
1593 3183 1869 3270 copiosa.
1963 3182 2107 3270 Ego
2151 3205 2300 3248 sum
2337 3185 2451 3270 qui
2480 3186 2676 3250 retri-

570 3293 607 3323 “
651 3287 851 3354 buam
874 3313 891 3369 3
911 3280 914 3285 ’
936 3309 1074 3375 ego,
1103 3286 1395 3373 inquam,
1427 3285 1801 3373 Anglorum
1848 3285 2325 3370 Protomartyr,
2354 3286 2671 3369 AlbanuS‚

567 3398 606 3427 “
649 3392 764 3478 qui
807 3391 928 3456 hoc
973 3391 1117 3477 ipso
1164 3389 1304 3456 loco
1351 3410 1471 3476 pro
1516 3387 1770 3455 Christi
1819 3387 2223 3453 confessione
2270 3390 2673 3456 sententiam

573 3501 607 3529 “
650 3493 822 3560 subii
867 3493 1232 3581 capitalem.
1345 3491 1488 3578 Ego
1524 3513 1733 3578 usque
1779 3491 1868 3556 ad
1915 3490 2092 3557 diem
2151 3491 2377 3578 magni
2432 3492 2672 3578 judicii

570 3605 607 3632 “
648 3595 969 3684 generalis
1013 3595 1087 3660 in
1131 3595 1256 3661 hac
1308 3597 1427 3659 tua
1475 3593 1726 3660 fabrica
1768 3593 2191 3680 requiescam,
2245 3593 2451 3659 donec
2480 3595 2675 3661 detur

570 3707 611 3736 “
656 3699 818 3764 mihi
868 3721 910 3763 a
957 3696 1243 3763 Domino
1292 3695 1467 3762 stola
1515 3696 1910 3782 repromissa
1949 3717 2071 3782 pro
2116 3695 2411 3762 mercede
2456 3697 2673 3783 dupli-

569 3812 606 3840 “
649 3801 850 3870 cata.”
938 3801 1030 3866 Et
1072 3801 1202 3866 hiis
1245 3799 1463 3876 dictis,
1496 3820 1646 3864 cum
1690 3798 1941 3863 lumine
1969 3819 2228 3885 magno,
2284 3799 2464 3885 quod
2513 3821 2665 3864 eum

562 3906 976 3991 sequebatur,
1005 3901 1290 3968 evanuit.
1384 3901 1584 3966 Nunc
1612 3905 1855 3981 autem,
1887 3921 1930 3964 a
1958 3899 2349 3967 diverticulo
2386 3901 2668 3968 redeun-

565 4016 683 4086 tes,
726 4007 1070 4074 materiam
1117 4004 1591 4072 continuemus.

652 4204 753 4270 De
796 4222 930 4269 0886
972 4198 1212 4268 Swncti
1253 4196 1522 4265 Albam:
1564 4196 1652 4264 in
1693 4195 2130 4285 Hispwniam
2174 4196 2539 4286 deportato.

654 4331 822 4397 Cum
864 4332 1089 4396 autem
1134 4327 1487 4415 diligenter
1530 4329 1895 4392 memorata
1936 4325 2215 4392 fuissent
2244 4327 2468 4393 omnia
2510 4349 2656 4394 ossa
2679 4340 2792 4394 The
2811 4344 2899 4396 left

563 4434 893 4520 Martyris,
936 4436 1137 4519 prout
1187 4431 1273 4496 ab
1326 4430 1421 4495 eis
1464 4430 1580 4515 qui
1621 4427 2070 4494 interfuerunt
2122 4424 2143 4465 ¹
2164 4429 2396 4515 accepi,
2443 4430 2656 4497 defuit
2678 4410 2997 4533 {hlssdussfflhe

629 4626 646 4660 ¹
669 4626 795 4678 This
837 4640 1046 4691 passage
1087 4638 1267 4690 proves
1312 4623 1424 4674 that
1473 4621 1560 4672 the
1649 4620 1893 4672 Matthev
1905 4619 2053 4671 Paris
2073 4620 2220 4681 3who
2233 4622 2435 4675 entered
2448 4622 2534 4674 the
2545 4625 2659 4676 Mo-

562 4701 1562 4770 vriterofthispnrtoftheffistory
1651 4702 2525 4767 nasteryessyearsaflerthisdate.

560 4794 696 4837 munt
729 4784 858 4837 have
894 4784 1028 4836 lived
1064 4784 1234 4837 before
1271 4782 1354 4835 the
1390 4796 1485 4848 age
1510 4778 1570 4831 of
