3450 5717
768 812 851 875 84
1531 818 1743 869 casm
1787 816 2117 868 ABBATUM

472 1014 725 1080 Geoffrey,
775 1030 939 1089 mus,
986 1013 1057 1073 et
1100 1008 1466 1093 vulgariter
1534 1015 1570 1042 “
1593 1008 1894 1073 cadmeos
1917 1004 1955 1030 '’
2017 1024 2520 1091 nuncupamus3
2607 1006 2679 1067 et
2702 1020 2879 1066 unus

506 1082 704 1208 Alffisst:
777 1111 945 1199 lapis
994 1111 1110 1197 qui
1171 1114 1384 1177 tantae
1442 1109 1576 1175 fuit
1634 1108 2111 1197 amplitudinis,
2168 1112 2248 1173 ut
2306 1106 2427 1172 vix
2485 1126 2621 1170 una
2678 1124 2882 1168 manu

527 1214 664 1266 AD·
779 1214 1267 1294 includeretur3
1339 1234 1459 1279 nec
1532 1212 1701 1278 alius
1759 1211 2191 1288 inveniretur,
2251 1208 2359 1275 cui
2433 1211 2886 1296 competenter

480 1286 724 1389 nfflfl'
781 1321 1045 1404 poterat
1074 1315 1453 1403 comparari,
1482 1315 1592 1381 vel
1638 1316 1713 1381 in
1760 1314 1877 1380 illo
1907 1336 2103 1401 opere
2144 1310 2556 1379 conformari.
2670 1309 2765 1374 Et
2807 1313 2887 1372 ut

440 1416 496 1496 Α
519 1430 707 1478 cameo,
783 1424 1189 1505 compertum
1234 1418 1485 1499 extitit,
1532 1417 1924 1483 mulieribus
1968 1415 2324 1482 discrimen
2380 1415 2455 1480 in
2519 1418 2717 1501 partu
2772 1432 2884 1498 pa-

440 1483 676 1600 {gagga
782 1522 1107 1587 tientibus
1166 1521 1492 1586 auxilium
1543 1520 1878 1599 collatura,
1931 1520 2314 1600 noluerunt,
2358 1517 2477 1605 qui
2525 1514 2889 1581 artificibus

442 1614 765 1732 Ξξξίῗξέεξθᾶ
785 1626 1127 1711 Ρΐῧθθῖἃῐὶῦ,
1160 1628 1241 1687 ut
1269 1622 1344 1687 in
1375 1644 1567 1710 opere
1614 1622 1633 1661 ¹
1659 1621 2034 1689 aurifabrili
2064 1621 2529 1701 includeretur,
2561 1640 2644 1685 ne
2673 1617 2890 1682 virtus

442 1749 599 1807 there,
621 1764 688 1798 on
787 1725 1080 1813 ejusdem
1123 1748 1335 1792 vacua
1376 1726 1736 1807 videretur,
1783 1730 1852 1792 et
1893 1726 2224 1805 inanis,—

442 1813 740 1932 ῗὲοὲιμτῗιξὲ
819 1851 844 1890 ⁹⁶
864 1860 901 1889 “
931 1853 1035 1920 Ut
1063 1853 1213 1940 lyra
1240 1875 1389 1940 quae
1419 1853 1670 1936 reticet,
1717 1853 1745 1891 ³
1765 1859 1903 1936 aut,
1948 1853 2065 1941 qui
2112 1874 2244 1919 non
2288 1852 2609 1929 tenditur,
2652 1846 2897 1916 arcus.’'
2964 1880 2973 1885 ·

443 1948 761 2079 {ffl‘gom
788 1983 1278 2070 Praeelegerunt
1306 1982 1482 2049 enim
1504 1982 1796 2049 animam
1825 2004 2085 2048 servare
2118 1979 2658 2069 periclitantium,
2695 1999 2894 2065 quam

785 2084 1006 2150 oculos
1035 2106 1296 2173 pascere
1324 2085 1749 2152 intuentium.
1840 2084 2251 2172 Insculpitur
2279 2088 2502 2171 autem
2547 2083 2621 2146 in
2665 2080 2891 2147 eodem

786 2188 1006 2275 imago
1051 2209 1365 2275 pannosa,
1396 2193 1630 2254 tenens
1675 2187 1751 2253 in
1795 2209 1931 2254 una
1958 2209 2160 2252 manu
2209 2186 2488 2264 hastam,
2534 2205 2657 2273 per
2694 2205 2889 2270 quam

789 2312 1040 2377 repens,
1073 2289 1574 2378 ascendensque,
1622 2313 1885 2379 serpens
1928 2297 2243 2380 apparet3
2308 2297 2379 2357 et
2407 2290 2481 2355 in
2529 2288 2660 2355 alia
2687 2309 2892 2353 manu

790 2415 1088 2481 puerum,
1118 2393 1423 2480 clypeum
1466 2393 1895 2480 bajulantem.
1986 2393 2079 2459 Et
2122 2398 2465 2482 praeterea,
2496 2396 2655 2457 ante
2698 2391 2898 2478 pedes

793 2496 1122 2583 imaginis,
1185 2497 1409 2582 aquila
1494 2496 1912 2584 insculpitur,
1960 2497 2102 2563 alas
2147 2497 2535 2584 expandens
2593 2494 2904 2561 elevatas.

455 2602 569 2682 '1'130
589 2601 687 2668 81st
707 2600 767 2651 of
801 2598 1013 2679 Quem
1072 2598 1307 2684 utique
1372 2598 1660 2686 lapidem
1722 2599 2043 2666 habemus
2107 2600 2189 2665 de
2251 2584 2425 2665 dono
2485 2596 2904 2663 AEtheldredi

454 2670 710 2788 33¹5„ss
799 2700 1021 2788 Regis,
1067 2701 1279 2788 patris
1323 2700 1605 2788 piissimi
1646 2701 2015 2789 Anglorum
2058 2701 2251 2789 regis,
2298 2700 2629 2767 Edwardi.

1101 2920 1165 2991 U
1161 2930 1189 2991 t
1231 2922 1625 2992 Anketimae
1667 2924 1780 2993 hic
1808 2925 2046 3013 factus
2086 2924 2180 2992 sit
2220 2926 2613 2995 monachus.

462 3082 575 3133 The
594 3080 751 3131 monk
893 3064 1298 3132 Memoratus
1331 3072 1558 3133 autem
1588 3067 1990 3148 Anketillus,
2021 3068 2380 3135 monachus
2433 3074 2503 3136 et
2553 3067 2903 3146 aurifaber,

462 3147 692 3264 ffiffil’
805 3168 1197 3255 quandoque
1244 3169 1318 3233 in
1347 3166 1624 3234 Daciam
1653 3176 1948 3251 venerat,
1985 3170 2071 3236 ad
2116 3171 2317 3259 Regis
2345 3172 2677 3237 Dacorum
2718 3194 2903 3237 man-

464 3229 706 3347 igoneyel·
728 3287 781 3331 to
803 3270 1033 3336 datum
1088 3274 1159 3336 et
1233 3269 1797 3357 supplicationem,
1873 3272 1961 3337 ad
2020 3272 2358 3362 quippiam
2419 3275 2630 3362 operis
2690 3274 2903 3339 eidem

467 3346 792 3466 ffiffif’f
804 3371 1192 3439 faciendum.
1286 3372 1426 3438 Ubi
1483 3396 1604 3461 per
1662 3374 2083 3463 septennium
2159 3398 2413 3442 moram
2487 3376 2902 3456 continuans,

805 3475 1007 3562 regiis
1054 3479 1338 3562 praeerat
1397 3477 1704 3563 operibus
1750 3476 2261 3561 aurifabrilibuS,
2321 3483 2609 3545 monetae
2671 3484 2902 3555 custOS‚

809 3582 878 3642 et
939 3598 1232 3641 summus
1267 3638 1270 3641 .
1307 3578 1652 3665 trapezita.
1761 3578 1848 3645 In
1920 3580 2142 3646 verbis
2194 3580 2389 3660 enim,
2451 3585 2520 3647 et
2579 3581 2904 3668 operibuS,

809 3678 1022 3743 fidelis
1065 3679 1381 3745 inventus
1425 3684 1541 3758 est,
1589 3684 1659 3745 et
1677 3684 2021 3769 acceptus.

472 3792 724 3911 §agner-
904 3780 1037 3845 Hic
1094 3803 1244 3847 cum
1303 3783 1746 3868 repatriasset,
1808 3784 2048 3851 amicos
2107 3789 2176 3852 et
2234 3785 2764 3874 consanguineos,
2827 3787 2907 3852 de

611 3877 636 3910 8

474 3935 639 3977 enters
814 3880 1086 3948 licentia
1139 3882 1359 3969 Regis,
1402 3883 1654 3950 domini
1700 3887 1825 3968 sui,
1874 3887 2152 3967 visurus,
2196 3893 2265 3954 et
2312 3888 2723 3955 honestatem
2759 3888 2910 3955 reli-

474 3993 550 4045 St.
566 3994 795 4046 Alban’s.
815 3985 1070 4072 giosam
1102 3985 1375 4052 claustri
1418 3985 1647 4052 Sancti
1687 3988 1938 4055 Albani
1967 3989 2261 4071 vidisset,
2292 3990 2541 4079 placuit
2570 3992 2910 4058 eissibidem

816 4087 1074 4166 morari,
1107 4086 1411 4153 habitum
1459 4110 1723 4156 sumens
1773 4093 2124 4179 religionis.
2214 4093 2317 4160 De
2369 4092 2510 4180 ejus
2556 4090 2693 4159 fida
2742 4093 2911 4160 rela-

809 4191 1010 4269 tione,
1043 4193 1113 4256 et
1158 4196 1337 4256 certa
1381 4191 1830 4274 affirmatione,
1881 4195 2263 4274 didicimus,
2311 4194 2494 4284 quod
2546 4196 2908 4264 secundum

809 4291 1152 4359 Danorum
1200 4293 1404 4362 libros
1456 4296 1845 4377 historiales,
1898 4320 2061 4386 quos
2116 4306 2152 4335 “
2184 4299 2510 4366 Chronica
2529 4298 2566 4326 ’³
2611 4299 2908 4381 dicimus,

877 4507 896 4541 ¹
905 4508 1095 4573 fabrili
1114 4478 1170 4561 in
1192 4512 1278 4562 the
1293 4519 1403 4565 text
1417 4513 1480 4565 of
1491 4513 1734 4568 Claudius
1749 4516 1811 4569 Ε.
1908 4516 2118 4582 Honor„
2140 4520 2175 4570 1.
2199 4525 2316 4571 223.

809 4586 901 4649 in,
920 4589 1016 4640 but
1036 4593 1296 4642 corrected
1316 4593 1370 4643 in
1391 4593 1479 4646 the
1497 4595 1697 4662 margin
1710 4595 1767 4646 in
1780 4612 1813 4648 a
1972 4595 1994 4629 ³
2015 4605 2087 4661 at,
2106 4613 2166 4649 or
2187 4616 2264 4660 ae,
2286 4600 2341 4650 in
2361 4600 2475 4653 MS.
2502 4602 2745 4654 Claudius
2764 4602 2827 4654 E.
2840 4602 2911 4655 iv,

812 4667 1085 4719 somewhat
1105 4671 1232 4720 later
1249 4671 1399 4723 hand.
1903 4676 2267 4745 Correctly—-“
2282 4677 2358 4730 vel
2375 4678 2484 4745 lyra
2523 4716 2812 4734 ........
2836 4680 2916 4731 vel

876 4748 899 4778 ²
920 4746 1188 4810 Claudiam,
1236 4748 1321 4799 De
1370 4750 1564 4812 Quarto
1607 4752 1808 4806 Consul.
1903 4758 1991 4820 qni
2009 4793 2255 4811 .......
2258 4759 2289 4784 ”
