3450 5717
1087 841 1511 892 MonAsmm1
1557 841 1801 892 sANo'n
1845 840 2117 893 ALBANI.
2513 830 2643 896 425
2749 897 2764 912 ‚

559 1027 598 1053 “
638 1045 942 1099 quousque
979 1029 1250 1096 creverit,
1289 1030 1376 1087 ita
1416 1030 1573 1103 quod
1612 1031 1831 1088 bestias
1866 1032 2137 1099 retinere,
2179 1032 2377 1089 fovere
2412 1033 2644 1106 poterit,
2740 1037 2931 1102 Roget,

561 1113 599 1138 ‘⁸
637 1117 697 1167 et
732 1112 1062 1168 defendere.
2734 1138 2741 1151 .
2770 1105 2892 1154 24th

631 1199 670 1223 ‘⁴
696 1196 944 1252 Ratione
992 1203 1189 1254 autem
1237 1198 1525 1271 herbagii,
1565 1198 1869 1271 provisum
1928 1208 2020 1256 est
2079 1201 2235 1274 quod
2293 1207 2649 1257 memoratus
2740 1169 2931 1288 &³33⁰ss

561 1283 599 1308 “
636 1279 854 1346 Abbas,
900 1287 961 1337 et
996 1282 1090 1338 sui
1132 1300 1519 1348 successores,
1561 1283 1624 1338 in
1647 1289 1999 1356 perpetuum
2034 1285 2288 1342 habeant
2312 1285 2651 1341 exercitium
2715 1307 2955 1356 1260-90.

562 1367 599 1393 “
638 1365 701 1420 in
747 1364 1030 1437 herbagio
1087 1366 1243 1422 villae
1292 1368 1363 1423 de
1415 1372 1429 1401 ¹
1451 1366 1726 1434 Mul-isse,
1778 1374 1994 1440 praeter
2041 1387 2265 1441 capras,
2317 1388 2545 1442 porcos,
2593 1384 2653 1425 et
2709 1402 2718 1415 ·
2769 1395 2860 1408 -ν

562 1452 600 1476 “
640 1467 798 1516 ονοε,
825 1450 943 1506 nisi
979 1450 1042 1506 in
1067 1458 1332 1523 tempore
1358 1451 1542 1506 debiti
1566 1459 1791 1525 pastus.
1883 1453 1980 1508 Ita
2003 1453 2160 1524 quod
2187 1470 2297 1509 nec
2335 1453 2652 1525 praedictus

563 1537 602 1561 “
641 1534 925 1590 Dominus
952 1534 993 1590 J
994 1536 1267 1601 ohannes,
1286 1553 1394 1591 nec
1418 1537 1682 1592 haeredes
1708 1537 1821 1601 sui,
1843 1536 1978 1592 inde
2002 1537 2230 1608 aliquid
2249 1538 2659 1611 ²participiant»

564 1622 601 1646 ‘⁸
640 1619 701 1673 in
724 1619 1004 1691 proedicta
1025 1619 1188 1674 villa.
1264 1619 1440 1692 Apud
1480 1620 1528 1675 lc
1566 1621 1902 1677 Swane—mot
1937 1637 2077 1676 vero
2114 1620 2490 1693 provideatur
2516 1630 2661 1693 quot

563 1705 601 1730 “
638 1701 836 1775 ³porci
859 1702 1016 1759 dicta
1051 1705 1219 1775 sylva
1240 1703 1480 1759 Domini
1501 1700 1750 1760 Abbatis
1773 1704 1991 1777 poterit
2024 1706 2349 1771 sustiner03
2388 1712 2447 1761 et
2471 1712 2661 1762 totum

565 1790 603 1815 “
640 1787 917 1859 pannagii
949 1787 1161 1843 habeat
1196 1787 1582 1853 commodum,
1626 1795 1686 1843 et
1721 1788 2024 1860 virgarum
2051 1789 2469 1845 collectionem.
2569 1790 2659 1845 De

566 1874 603 1899 “
641 1877 809 1944 prato
833 1871 1069 1928 Domini
1118 1870 1158 1927 J
1160 1873 1402 1928 ohannis
1445 1871 1682 1938 dicitur,
1722 1873 1796 1927 de
1833 1889 1949 1943 quo
1990 1869 2188 1928 Abbas
2227 1891 2362 1928 eum
2397 1874 2660 1945 implaci-

565 1958 603 1983 “
643 1956 806 2021 tavit,
847 1962 916 2012 ut
949 1957 1014 2011 in
1048 1973 1189 2028 pace
1220 1956 1523 2022 habeatur,
1562 1956 1679 2012 nisi
1714 1957 1780 2011 in
1803 1975 2173 2013 communem
2207 1957 2352 2014 dicti
2386 1958 2656 2025 Abbatis,

565 2042 603 2067 “
643 2046 846 2095 contra
881 2039 1150 2112 ejusdem
1184 2040 1564 2105 voluntatem,
1605 2041 1941 2112 amplietur.

636 2128 673 2151 ‘⁶
701 2124 1023 2180 Forestarii
1083 2141 1225 2180 vero
1273 2123 1540 2188 Abbatis,
1594 2126 1696 2196 qui
1751 2143 1859 2197 pro
1905 2132 2170 2197 tempore
2233 2126 2472 2191 fuerint,
2525 2134 2652 2182 tum

564 2210 603 2235 “
640 2214 882 2280 propter
939 2209 1143 2264 ferinoe
1202 2209 1703 2265 conservationem
1744 2217 1807 2266 et
1847 2210 2188 2275 fomentum,
2244 2215 2372 2265 tum
2421 2216 2660 2282 propter

565 2296 603 2321 “
643 2294 996 2363 sylvestrem
1031 2292 1360 2348 custodiam
1407 2297 1468 2347 et
1502 2290 1918 2358 defensionem,
1959 2310 2195 2358 cornua,
2237 2311 2409 2349 arcus
2446 2294 2655 2361 ferant,

566 2379 605 2405 ‘⁶
647 2384 709 2432 et
743 2377 1024 2449 sagittam
1079 2377 1163 2431 ita
1201 2376 1375 2447 quod,
1403 2383 1538 2433 ante
1574 2377 1758 2449 sylvae
1795 2377 2242 2448 ingressionem,
2289 2377 2365 2432 ad
2407 2378 2659 2434 officium

570 2464 609 2489 “
647 2461 999 2525 faciendum,
1034 2459 1239 2532 jurent
1274 2460 1339 2515 in
1376 2461 1691 2532 praesentia
1732 2461 1940 2516 ballivi
1982 2460 2221 2516 Domini
2258 2461 2559 2527 Johannis,
2601 2470 2662 2519 et

568 2548 605 2573 “
643 2543 944 2599 haeredum
992 2562 1252 2609 suorum,
1304 2543 1379 2599 ad
1440 2544 1693 2600 fideliter
1761 2544 2206 2603 custodiendum
2254 2546 2537 2614 ferinam3
2603 2552 2663 2602 et

569 2631 607 2656 “
645 2628 802 2700 apud
829 2629 879 2684 le
916 2628 1254 2684 Swane-mot
1278 2627 1385 2683 fiat
1414 2626 1853 2698 jusjurandum.
1930 2628 2075 2684 Post
2109 2647 2341 2689 cessum
2367 2648 2526 2695 vero,
2564 2631 2662 2685 vel

569 2716 606 2740 ‘⁶
645 2713 969 2777 decessum,
1010 2712 1453 2768 forestariorum
1485 2711 1755 2778 Abbatis,
1802 2713 1857 2767 ei
1892 2712 2083 2778 liceat,
2128 2730 2315 2783 usque
2357 2713 2431 2768 ad
2471 2715 2664 2786 proxi-

569 2798 607 2823 “
644 2814 807 2851 mum
833 2795 1284 2860 Swanomotum,
1324 2812 1431 2866 per
1458 2794 1850 2852 Gellararium
1887 2813 2077 2861 suum,
2121 2795 2538 2864 Senescallum,
2566 2799 2664 2854 vel

570 2884 609 2909 “
646 2879 931 2935 ballivum
969 2897 1142 2935 suum
1184 2878 1256 2933 de
1299 2878 1687 2950 Wyneslawe,
1726 2872 1947 2935 ballivo
1989 2879 2062 2935 de
2098 2880 2376 2947 Wadone,
2419 2883 2519 2953 qui
2555 2901 2663 2954 pro

571 2967 609 2991 “
646 2970 906 3036 tempore
944 2963 1144 3028 fuerit,
1191 2962 1374 3017 alium
1427 2964 1525 3018 vel
1576 2962 1723 3019 alios
1776 2969 2175 3035 proesentar03
2241 2965 2343 3036 qui
2389 2970 2545 3032 tunc,
2598 2974 2668 3022 ut

571 3052 608 3075 “
646 3047 869 3104 dictum
893 3052 1001 3111 est,
1039 3046 1441 3116 juramentum
1475 3047 1854 3118 praestabunt,
1894 3053 1956 3103 et
1989 3057 2210 3119 postca,
2238 3048 2313 3103 ad
2336 3049 2665 3120 proximum

573 3136 610 3160 ‘⁶
652 3132 1084 3189 Swanomotum
1119 3129 1272 3185 illud
1306 3130 1634 3186 innovando
1668 3131 2060 3187 ratificabunt.
2145 3132 2276 3187 Nec
2318 3132 2508 3188 dictus
2546 3134 2668 3188 bal-

571 3218 610 3242 “
648 3215 824 3280 livus,
863 3232 970 3286 pro
1004 3219 1267 3285 tempore
1309 3213 1586 3278 existens,
1638 3218 1881 3286 propter
1927 3214 2252 3286 juramenti
2291 3215 2669 3272 evitationem

572 3302 611 3327 “
648 3297 989 3369 recipiendi,
1031 3315 1094 3353 se
1130 3296 1426 3353 malitiose
1463 3290 1811 3353 absentabit.

643 3386 681 3410 ‘⁸
706 3382 787 3438 Et
821 3382 873 3437 si
903 3380 1120 3452 aliquis
1155 3380 1498 3437 forestarius
1536 3381 1773 3436 Domini
1808 3379 2078 3445 Abbatis,
2120 3379 2222 3451 qui
2258 3399 2367 3452 pro
2401 3385 2666 3456 tempore

571 3471 609 3495 “
648 3466 846 3532 fuerit,
866 3465 1181 3538 saepedicto
1196 3464 1447 3520 Domino
1463 3465 1501 3519 J
1505 3464 1735 3531 ohanni,
1754 3472 1859 3521 aut
1877 3464 2210 3520 haeredibus
2230 3465 2372 3531 suis,
2391 3465 2669 3522 damnum

572 3555 611 3579 “
649 3551 915 3606 intulerit
936 3548 1010 3605 de
1050 3549 1240 3605 ferina
1263 3549 1326 3604 in
1351 3548 1602 3606 Ghascia
1635 3550 1937 3620 praedicta,
1965 3566 2072 3621 per
2108 3547 2331 3604 dictum
2356 3549 2664 3617 Abbatem,

573 3639 613 3664 ‘⁸
652 3640 713 3691 et
735 3651 871 3690 suos
897 3651 1283 3698 successores,
1315 3633 1482 3704 justa
1518 3651 1697 3704 super
1731 3632 1841 3688 hoc
1867 3638 2146 3703 sequetur
2170 3632 2515 3713 emendatiO.
2590 3635 2671 3690 Et

573 3724 611 3747 “
651 3719 874 3775 dictum
897 3724 1005 3783 est,
1034 3724 1103 3773 ut
1137 3716 1333 3772 omnia
1366 3716 1499 3782 ista,
1528 3722 1589 3773 et
1624 3716 1877 3788 singula,
1904 3717 1969 3771 in
1993 3715 2176 3772 Curia
2198 3716 2436 3772 Domini
2461 3716 2666 3790 Regis,

573 3807 611 3831 “
651 3802 883 3859 meliori
904 3802 1077 3857 modo
1102 3819 1218 3873 quo
1254 3805 1544 3873 poterunt,
1574 3807 1677 3857 aut
1713 3818 1822 3872 per
1856 3800 2050 3864 finem,
2079 3800 2494 3856 confirmentur
2516 3802 2671 3856 infra

573 3891 612 3914 ‘⁸
651 3904 868 3942 annum
898 3885 1078 3957 hujus
1114 3883 1570 3956 compositionis.
1648 3884 1867 3939 Datum
1902 3883 1965 3939 in
1984 3883 2253 3939 ecclesia
2283 3882 2356 3939 de
2396 3882 2668 3951 saldene,

574 3975 613 3999 ‘⁸
654 3971 750 4027 die
783 3968 997 4026 Martis
1033 3969 1298 4041 proxima
1331 3974 1466 4025 ante
1502 3968 2034 4024 Annunciationem
2083 3967 2470 4034 Dominieam,
2521 3986 2671 4025 anno

577 4058 615 4083 “
652 4055 826 4127 regni
874 4053 1058 4125 Regis
1107 4050 1374 4117 Henrici,
1430 4052 1541 4107 filii
1589 4051 1776 4124 Regis
1826 4050 1866 4106 J
1868 4050 2130 4117 ohannis,
2184 4051 2670 4123 quinquagesimo

577 4141 617 4167 ‘⁶
657 4143 836 4204 sexto,
864 4137 929 4193 in
963 4136 1278 4210 proesentia
1301 4135 1592 4191 dictorum
1615 4135 1867 4192 Abbatis
1894 4141 1955 4190 et
1988 4134 2228 4190 Domini
2253 4134 2294 4190 J
2295 4135 2538 4191 ohanm’s
2562 4136 2672 4191 filii

577 4226 617 4253 ‘⁶
658 4222 698 4279 J
699 4220 961 4287 ohannis,
1000 4221 1102 4294 qui
1155 4221 1433 4292 praesenti
1472 4220 1692 4292 scripto
1729 4220 1933 4292 sigilla
1969 4237 2077 4275 sua
2129 4219 2464 4277 alternatim
2499 4239 2672 4294 appo-

578 4311 617 4336 “
655 4306 953 4364 suerunt.'’

644 4550 661 4582 ¹
683 4551 792 4600 The
826 4555 978 4599 exact
1000 4548 1127 4597 form
1149 4546 1212 4596 of
1240 4546 1337 4597 this
1358 4549 1498 4597 word
1529 4544 1575 4596 is
1732 4544 1754 4576 ²
1777 4544 1862 4595 Sic
1885 4544 1937 4594 in
1962 4544 2076 4594 MS.

577 4628 825 4682 doubtful.
1720 4624 1743 4656 ³
1760 4624 1848 4676 Sic
1869 4623 1922 4674 in
1945 4623 2057 4675 MS.
2079 4644 2093 4685 3
2119 4625 2366 4690 correctly
2390 4629 2420 4654 “
2433 4626 2662 4691 porcos?
