3450 5717
798 822 928 888 114
1557 835 1773 888 essm
1818 836 2150 888 Annfflm

514 1038 724 1100 Buten-t,
797 1030 1012 1091 totam
1057 1031 1303 1091 terram
1334 1025 1544 1091 eidem
1594 1027 1881 1093 ecclesiae
1923 1027 2387 1114 pertinentem,
2442 1044 2641 1111 quam
2692 1023 2908 1089 dictus

526 1104 717 1233 Ᾱξζξῒ,
797 1125 1172 1194 Wilielmus
1226 1128 1637 1194 Camerarius
1688 1129 1939 1215 injuste
1993 1131 2444 1215 occupaverat,
2494 1126 2667 1192 sicut
2711 1124 2912 1190 advo·

551 1240 605 1288 A
622 1240 688 1289 D.
798 1235 1002 1310 catus,
1057 1231 1243 1296 dedit
1290 1235 1359 1296 et
1411 1231 1732 1297 concessit
1780 1232 1852 1294 in
1906 1231 2385 1317 eleemosynam
2436 1228 2798 1294 Gilleberto
2829 1226 2913 1293 de

496 1310 739 1410 ”fif-'22³⁶'
802 1331 1123 1419 Cimmay,
1197 1336 1479 1418 cognato
1555 1354 1691 1411 su0‚
1770 1333 2023 1415 clericO,
2100 1338 2169 1399 et
2256 1330 2463 1419 Regis
2537 1330 2910 1417 Capellano,

467 1439 700 1505 Gimmay
803 1435 1038 1500 volens
1074 1434 1247 1519 juris
1295 1432 1757 1501 ¹ecclesiastici
1803 1435 2181 1501 libertatem
2212 1433 2675 1520 redintegrare.
2766 1430 2914 1498 Rex

464 1507 780 1638 ffiffllssiffh'
802 1539 1046 1625 itaque,
1094 1544 1164 1605 et
1212 1539 1443 1605 Comes
1496 1539 1854 1618 (filbertus
1909 1539 2314 1617 Alexandro,
2375 1539 2701 1625 Episcopo
2753 1537 2910 1602 Lin-

466 1640 777 1759 ffiighe'rm
802 1641 1136 1722 colniensi,
1234 1640 1647 1707 Gilebertum
1740 1642 1823 1708 de
1918 1641 2225 1727 Oimmay
2319 1644 2908 1727 praesentaverunt,

467 1772 586 1825 lain.
717 1732 740 1746 ”
800 1743 1211 1830 postulantes
1279 1748 1358 1808 ut
1421 1745 1806 1831 praedictam
1882 1743 2215 1809 ecclesiam
2279 1744 2341 1808 ei
2392 1742 2787 1818 concederet,
2842 1744 2912 1806 et

801 1866 952 1910 eum
1003 1850 1481 1932 appersonaret.
1584 1846 1949 1932 Episcopus
1993 1867 2152 1911 vero
2206 1844 2564 1932 respondit,
2615 1866 2685 1909 se
2734 1842 2910 1909 nolle

800 1946 1210 2012 Willelmum
1282 1946 1729 2013 Camerarium
1791 1949 1876 2013 ab
1924 1947 2206 2027 ecclesia,
2260 1947 2416 2013 licet
2467 1969 2613 2012 eam
2658 1945 2909 2032 injuste

799 2050 1178 2136 possideret,
1228 2050 1361 2115 nisi
1417 2050 1773 2135 judiciario
1826 2050 2055 2116 ordine
2126 2048 2535 2116 submovere.
2647 2047 2920 2114 Statuit

801 2174 955 2238 ergo
1014 2152 1095 2232 ei,
1147 2157 1216 2217 et
1269 2151 1606 2218 Gileberto
1678 2153 1762 2218 de
1836 2152 2164 2238 Cimmay,
2220 2150 2584 2239 placitandi
2644 2157 2906 2238 tempus

800 2258 869 2318 et
903 2254 1133 2321 locum.
1225 2255 1333 2319 Ad
1366 2254 1542 2320 diem
1572 2255 1666 2321 eis
1717 2252 2028 2342 positum,
2060 2253 2433 2320 Willelmus
2485 2276 2622 2319 non
2676 2253 2861 2319 venit
2888 2277 2905 2334 3

800 2356 915 2421 sed
963 2356 1150 2422 misit
1196 2357 1472 2423 nuncios
1525 2358 1641 2443 qui
1697 2357 1991 2424 dicerent
2036 2357 2256 2445 ipsum
2325 2356 2506 2422 nolle
2552 2356 2781 2421 sistere
2839 2377 2908 2421 se

788 2457 1043 2544 judicio
1084 2480 1301 2524 coram
1353 2456 1673 2546 Episcopo
1723 2459 1806 2524 de
1850 2460 2133 2537 ecclesia,
2195 2480 2393 2545 quam
2443 2480 2577 2524 non
2624 2459 2696 2522 in
2742 2458 2908 2524 elee-

797 2581 1092 2646 mosyna,
1139 2560 1254 2626 sed
1280 2583 1399 2647 pro
1451 2561 1727 2626 militari
1756 2562 2040 2638 servitio,
2063 2559 2482 2626 haereditarie
2512 2558 2905 2648 possidebat.

797 2661 1111 2728 Statutus
1160 2668 1260 2728 ost
1312 2663 1527 2750 igitur
1578 2663 1672 2729 eis
1722 2663 1893 2728 alius
1935 2664 2089 2740 dies,
2139 2662 2253 2727 sed
2302 2662 2376 2727 in
2423 2684 2498 2727 eo
2545 2658 2721 2727 nihil
2769 2684 2906 2726 am-

798 2764 972 2851 plius
1024 2764 1330 2831 effectum
1379 2770 1495 2829 est.

465 2889 774 2941 Aftermuch
891 2863 1142 2932 Nolens
1191 2867 1419 2952 itaque
1494 2867 1857 2954 Episcopus
1909 2867 2127 2933 adhuc
2186 2866 2526 2931 absentem
2580 2865 2899 2951 judicare,

464 2956 737 3074 gfflss'.
795 2988 881 3031 ne
927 2968 1154 3033 nimiae
1206 2967 1653 3034 festinationis
1711 2969 2236 3057 redargueretur,
2308 2968 2534 3055 posuit
2586 2967 2679 3033 eis
2732 2968 2905 3033 diem

462 3088 565 3169 igin
585 3091 630 3169 ¹?
796 3069 1069 3135 tertium
1133 3070 1206 3134 in
1290 3070 1518 3135 villam
1605 3071 1926 3150 Luitonae‚
1998 3070 2074 3136 in
2144 3092 2278 3156 qua
2333 3069 2470 3157 ipse
2536 3068 2906 3135 Willelmus

465 3157 700 3274 dssssgsed
795 3171 1124 3251 manebat,
1197 3194 1284 3237 ne
1339 3194 1408 3239 se
1443 3178 1663 3260 posset
1733 3170 2064 3239 divertere
2125 3173 2236 3239 vel
2305 3194 2628 3238 excusare.
2722 3170 2908 3236 Infra

464 3238 656 3341 ghureii
679 3289 739 3340 of
797 3275 974 3340 hunc
1003 3275 1195 3357 diem,
1244 3275 1603 3362 Episcopus
1654 3275 2131 3342 Lincolniensis
2178 3276 2465 3363 suscepit
2515 3274 2905 3340 mandatum

462 3357 676 3409 1⁴quss
801 3376 1106 3465 Episcopi
1164 3377 1500 3456 Ostiensis,
1551 3379 1667 3465 qui
1723 3382 1886 3444 tunc
1930 3378 2004 3443 in
2091 3377 2337 3465 Anglia
2394 3376 2682 3465 Legatus
2748 3381 2909 3456 erat,

800 3485 882 3544 ut
927 3479 1283 3567 diligenter
1330 3481 1714 3567 inquireret,
1762 3486 1994 3547 utrum
2054 3486 2234 3546 terra
2286 3502 2488 3567 quam
2543 3478 2906 3546 Willelmus

803 3581 1215 3649 Camerarius
1263 3582 1552 3662 tenebat,
1609 3588 1784 3650 esset
1833 3583 1917 3650 de
1978 3583 2132 3670 jure
2199 3582 2485 3669 ecclesiae
2545 3582 2903 3648 Luituniae.

803 3684 999 3764 Quod
1058 3684 1117 3751 si
1184 3691 1534 3767 constaret,
1613 3692 1683 3753 et
1752 3687 2088 3752 ecclesiam
2153 3690 2223 3751 et
2290 3691 2539 3751 terram
2607 3685 2680 3748 in
2731 3685 2903 3771 juris

800 3786 1217 3853 ecclesiastici
1284 3787 1658 3854 libertatem
1729 3792 2084 3855 revocaret.
2174 3788 2265 3853 Et
2342 3788 2464 3853 hoc
2515 3784 2903 3852 mandatum

799 3884 1091 3954 habebat
1166 3888 1542 3956 Gilebertus
1613 3890 1694 3956 de
1748 3890 2051 3977 Oimmay
2110 3911 2246 3977 prae
2316 3888 2637 3954 manibus.
2731 3884 2902 3955 Cum

800 3996 1025 4055 autem
1071 3991 1158 4057 ad
1210 3991 1387 4058 diem
1439 3992 1619 4059 hunc
1647 3994 1926 4059 tertium
1977 3998 2253 4059 ventum
2292 3999 2481 4071 esset,
2512 3984 2901 4069 willelmus,

800 4098 881 4158 ut
955 4093 1225 4173 solebat,
1291 4116 1426 4161 non
1496 4095 1732 4175 affuit3
1822 4095 1939 4162 sed
2016 4095 2350 4182 quoddam
2428 4095 2630 4161 breve
2701 4092 2904 4182 Regis

800 4194 1077 4261 allatum
1122 4201 1237 4275 est,
1268 4196 1340 4262 in
1376 4203 1778 4286 praeceptum
1826 4197 2207 4264 hominibus
2244 4198 2327 4263 de
2370 4194 2666 4284 Luytun,
2712 4200 2794 4261 ut
2821 4195 2904 4261 de

790 4295 941 4381 jure
1010 4298 1293 4366 ecclesiae
1358 4301 1715 4367 veritatem
1787 4304 2341 4387 recognoscerent,
2422 4306 2491 4365 et
2553 4299 2636 4366 de
2709 4305 2905 4379 terra,

799 4403 1028 4464 utrum
1073 4401 1162 4467 ad
1209 4401 1541 4468 ecclesiam
1593 4404 1977 4490 pertineret,
2007 4410 2078 4470 et
2106 4403 2457 4469 veritatem
2517 4423 2717 4488 quam
2743 4399 2901 4466 inde

800 4500 1125 4580 elicerent,
1188 4505 1647 4591 approbarent.
1794 4506 1946 4572 Hoc
2012 4506 2190 4571 idem
2272 4504 2473 4570 etiam
2557 4525 2643 4569 ex
2715 4506 2904 4591 parte

1399 4736 1415 4766 ¹
1439 4738 1670 4788 ece-antici
1687 4737 1743 4787 in
1762 4737 1877 4790 MS.
1902 4737 2139 4789 Claudius
2160 4737 2222 4790 E.
2244 4735 2311 4787 iv.
