3450 5717
598 1013 610 1024 .
655 1012 665 1023 .
832 1003 871 1029 u

525 1013 773 1206 ἶῖἰῖἶ,
832 1086 871 1195 Ξῖ
910 1103 981 1139 ex
1018 1102 1133 1138 una
1165 1090 1351 1154 parte,
1393 1089 1453 1138 et
1479 1083 1870 1147 Willelmum,
1898 1082 2210 1146 Abbatem,
2239 1085 2300 1135 et
2324 1080 2712 1145 Conventum‚
2743 1081 2945 1136 Sancti

581 1080 718 1130 22nd

581 1211 717 1262 A.D.

532 1282 776 1329 1214-35.

831 801 960 871 276
1589 813 1807 863 essm
1852 813 2181 863 ABBATUM

910 1018 1045 1056 cum
1081 999 1235 1055 inter
1271 1001 1629 1072 Episcopum
1666 999 2156 1063 Lincolniensem‚
2197 998 2535 1067 Hugonem,
2593 997 2933 1063 secundum,

908 1167 1145 1231 Albani,
1187 1184 1258 1221 ex
1293 1167 1495 1230 altera,
1538 1183 1735 1221 coram
1757 1164 2009 1220 diversis
2039 1163 2362 1235 judicibus,
2404 1164 2752 1220 auctoritate
2787 1164 2943 1218 litte-

835 1254 874 1279 “
910 1269 1111 1306 rarum
1139 1250 1379 1305 Domini
1406 1250 1583 1321 Papae
1620 1246 1871 1304 Honorii
1907 1248 2112 1314 Tertii,
2154 1265 2330 1319 super
2366 1248 2619 1304 diversis
2654 1247 2948 1319 petitioni-

830 1337 868 1364 “
906 1335 1018 1390 bus
1055 1334 1405 1406 quaestiones
1442 1337 1662 1388 mutuae
1696 1336 2064 1388 verterentur
2077 1353 2095 1395 3
2133 1329 2428 1397 videlicet,
2457 1349 2656 1387 coram
2690 1348 2803 1395 me,
2847 1330 2949 1385 San

834 1422 874 1449 “
910 1418 1242 1474 risbiriensi
1278 1419 1591 1489 EpiscopO,
1632 1422 1692 1471 et
1729 1414 2136 1487 conjudicibus
2172 1414 2341 1480 meis,
2372 1432 2548 1487 super
2585 1413 2946 1469 ordinatione

834 1505 874 1531 “
911 1503 1167 1560 Vicariae
1204 1502 1466 1557 ecclesiae
1503 1501 1576 1555 de
1613 1499 1872 1566 Luitun3
1912 1500 2075 1564 item,
2117 1516 2314 1554 coram
2335 1498 2524 1564 nobis,
2550 1498 2948 1554 Westmoms-

836 1590 875 1616 “
913 1586 1051 1642 terii
1100 1591 1161 1641 et
1206 1585 1507 1642 Waltham
1540 1582 1894 1648 Abbatibus,
1973 1588 2034 1638 et
2098 1582 2306 1638 Priore
2359 1581 2588 1638 Sanctae
2642 1580 2945 1636 Trinitatis

837 1674 876 1699 “
914 1669 1249 1733 Londoniis‚
1292 1686 1470 1740 super
1507 1666 1872 1738 subjectione
1913 1665 2215 1721 Cellarum
2253 1665 2640 1735 de‘Beauver,
2670 1665 2743 1719 de
2769 1664 2946 1719 Hert-

838 1757 877 1782 “
915 1753 1063 1818 ford,
1106 1758 1165 1808 et
1199 1753 1272 1808 de
1308 1752 1481 1807 Bello
1516 1752 1692 1817 Loco,
1733 1756 1795 1806 et
1830 1768 2010 1822 super
2045 1749 2340 1805 taxatione
2374 1748 2630 1806 Vicariae
2685 1748 2946 1804 ecclesiae

838 1840 877 1865 “
916 1839 988 1892 de
1023 1837 1265 1900 Luit1m‚
1307 1842 1367 1892 et
1404 1853 1582 1907 super
1607 1833 1878 1890 custodia
1914 1833 2200 1905 ejusdem,
2229 1851 2366 1888 cum
2401 1837 2656 1898 vacaret,
2684 1837 2745 1887 et
2770 1849 2946 1903 super

840 1923 879 1949 “
918 1920 1390 1993 appropriatione
1442 1919 1704 1974 omnium
1749 1918 2134 1973 ecclesiarum
2187 1916 2252 1972 in
2305 1916 2518 1988 quibus
2561 1915 2705 1987 jura
2755 1916 2944 1986 ponti·

839 2007 878 2032 “
918 2005 1110 2059 ficalia
1143 2022 1259 2058 non
1292 2003 1512 2058 habent
1564 2002 1826 2056 Abbates
1881 2001 2083 2056 Sancti
2137 2000 2375 2065 Albani,
2436 2005 2496 2055 et
2548 1999 2944 2069 assignatione

841 2090 880 2115 ‘⁴
919 2087 1294 2144 Vicariarum
1331 2086 1397 2140 in
1432 2085 1675 2151 eisdem,
1714 2102 1944 2139 necnon
1979 2088 2040 2138 et
2075 2083 2358 2139 custodiis
2412 2082 2731 2138 earundem
2767 2082 2955 2137 eccle-

842 2173 880 2198 “
922 2170 1144 2226 siarum
1192 2176 1253 2225 et
1305 2169 1703 2234 Vicariarum,
1744 2185 1880 2222 cum
1932 2167 2018 2221 eis
2056 2184 2264 2222 vacare
2318 2166 2687 2237 contingeret
2703 2188 2721 2230 ς
2781 2165 2942 2230 item,

842 2256 882 2281 ‘⁸
920 2270 1117 2308 coram
1163 2253 1394 2308 Abbate
1431 2253 1504 2307 de
1544 2251 1838 2315 Sibetone,
1880 2255 1941 2305 et
1977 2248 2382 2321 conjudicibus
2422 2250 2566 2315 suis,
2608 2266 2784 2321 super
2817 2266 2948 2319 por-

842 2339 882 2365 “
919 2337 1077 2392 tione
1116 2354 1293 2407 quam
1330 2335 1474 2391 dicti
1511 2336 1774 2390 Abbates
1829 2340 1891 2389 et
1941 2333 2277 2389 Conventus
2314 2339 2518 2389 tenent
2566 2334 2631 2388 in
2680 2333 2946 2404 proprios

844 2423 883 2449 ‘⁸
920 2439 1065 2476 usus
1102 2420 1164 2475 in
1201 2420 1450 2475 ecclesia
1485 2419 1558 2474 de
1593 2419 1849 2484 Luitun3
1903 2418 2160 2483 tandem,
2189 2423 2426 2489 recepta
2461 2418 2557 2472 die
2598 2418 2761 2489 pacis
2796 2417 2950 2472 inter

844 2508 881 2533 “
921 2521 1021 2559 eos
1069 2503 1475 2566 reformandae,
1513 2508 1650 2573 post
1697 2507 1974 2556 mutuum
2027 2506 2363 2566 tractatum,
2420 2500 2589 2556 nobis
2642 2499 2951 2554 medianti-

841 2590 880 2616 “
917 2588 1050 2652 bus,
1077 2588 1231 2641 inter
1267 2604 1366 2641 eos
1403 2584 1791 2640 amicabiliter
1824 2584 2111 2649 habitum,
2139 2585 2467 2656 Episcopus
2497 2583 2949 2648 LincolniensiS,

844 2674 883 2699 “
919 2689 1026 2742 per
1059 2671 1291 2726 litteras
1329 2668 1590 2740 Capituli
1628 2668 1721 2723 sui
1760 2667 1832 2722 de
1868 2673 1997 2723 rato
2024 2668 2305 2739 speciales
2354 2667 2430 2722 ad
2465 2666 2946 2739 componendum,

844 2757 884 2783 “
922 2759 984 2809 et
1016 2754 1216 2808 Abbas
1255 2752 1455 2808 Sancti
1489 2751 1726 2818 Albani,
1784 2768 1892 2823 per
1926 2752 2158 2806 litteras
2196 2751 2458 2823 Capituli
2514 2751 2531 2783 ¹
2553 2753 2648 2807 sui
2684 2750 2758 2807 de
2793 2757 2943 2815 rat0,

845 2841 884 2869 “
924 2837 1214 2902 similiter,
1253 2837 1535 2907 speciales
1573 2835 1650 2890 ad
1685 2834 2167 2907 componendum,
2206 2841 2616 2907 procuratores
2642 2835 2944 2892 constituti

847 2919 886 2949 “
927 2938 1103 2991 super
1139 2919 1406 2974 omnibus
1444 2918 1769 2990 praemissis
1806 2918 2190 2989 petitionibus
2245 2926 2305 2976 et
2356 2919 2614 2992 querelis
2658 2917 2732 2974 ad
2767 2921 2952 2974 refor-

846 3006 884 3033 “
921 3004 1200 3059 mandum
1235 3002 1622 3058 amicabiliter
1645 3020 1850 3074 pacem
1874 3004 2028 3058 inter
2049 3021 2148 3058 eos
2185 3008 2246 3058 et
2281 3020 2484 3058 eorum
2520 3003 2817 3069 ecclesias,
2844 3020 2952 3074 pro

845 3091 885 3115 “
926 3105 989 3144 se
1046 3092 1105 3143 et
1139 3087 1429 3158 Capitulis
1467 3087 1589 3142 suis
1644 3086 1992 3158 simpliciter
2046 3090 2108 3141 et
2142 3087 2426 3154 absolute,
2465 3092 2680 3142 nostrae
2715 3104 2780 3142 se
2818 3086 2953 3142 sub·

846 3174 886 3199 “
918 3172 1191 3242 jecerunt
1227 3170 1596 3235 ordinationi,
1635 3170 2045 3242 promittentes
2083 3170 2422 3226 solemniter
2455 3189 2650 3226 coram
2684 3170 2854 3226 nobis
2891 3175 2952 3225 et

846 3258 886 3284 “
922 3255 1129 3311 multis
1166 3254 1299 3310 aliis
1334 3254 1398 3309 in
1432 3255 1611 3311 verbo
1647 3254 1781 3320 Dei,
1822 3254 1981 3325 quod
2015 3259 2229 3310 nostrae
2266 3261 2489 3311 starent
2522 3256 2588 3309 in
2619 3256 2730 3310 hac
2783 3259 2951 3326 parte

847 3343 886 3369 “
924 3339 1416 3412 irrefragabiliter
1452 3338 1805 3395 ordinationi
1821 3338 2037 3394 z—Nos
2061 3339 2268 3410 igitur,
2295 3338 2490 3394 Deum
2521 3337 2804 3395 habentes
2827 3356 2949 3410 pree

849 3431 887 3456 “
926 3428 1131 3493 oculis,
1173 3433 1234 3483 et
1268 3427 1579 3498 utriusque
1617 3427 1886 3482 ecclesiae
1920 3426 2347 3498 prospicientes
2383 3426 2447 3481 in
2482 3430 2784 3498 posterum
2821 3426 2948 3497 paci

849 3513 889 3540 “
928 3517 988 3567 et
1021 3511 1462 3581 tranquillitati,
1500 3527 1706 3582 pacem
1742 3510 1897 3565 inter
1935 3527 2034 3565 eos
2072 3509 2439 3565 amicabilem
2485 3509 2853 3581 providimus
2891 3514 2952 3564 et

850 3597 889 3623 “
927 3594 1329 3650 ordinavimus
1364 3594 1429 3648 in
1462 3594 1619 3648 hunc
1657 3593 1915 3659 modum,
1957 3593 2371 3650 scilicet.-De
2406 3592 2649 3652 Vicaria
2685 3593 2949 3649 ecclesiae

849 3680 888 3707 ‘⁶
927 3677 1001 3732 de
1039 3678 1280 3742 Luitun,
1321 3676 1491 3748 cujus
1530 3677 1831 3731 occasione
1870 3695 2046 3748 super
2093 3676 2323 3732 caeteris
2370 3681 2529 3732 mota
2581 3681 2675 3732 est
2721 3681 2949 3732 contro·

848 3764 888 3789 “
925 3762 1141 3826 versia,
1196 3761 1283 3817 sic
1338 3760 1452 3815 erit
1469 3781 1576 3824 3—-
1596 3759 1752 3831 quod
1810 3759 1874 3814 in
1934 3760 2184 3816 ecclesia
2255 3760 2328 3815 de
2393 3759 2615 3815 Luitun
2665 3765 2953 3831 perpetua

847 3848 886 3873 “
926 3844 1230 3900 ordinetur
1264 3842 1523 3908 Vicaria,
1564 3842 1666 3906 ita,
1707 3842 1952 3909 scilicet,
1995 3843 2152 3915 quod
2190 3845 2293 3915 qui
2328 3861 2435 3915 pro
2468 3848 2730 3915 tempore
2772 3843 2952 3898 fuerit

848 3931 887 3957 “
923 3927 1201 3992 vicarius,
1264 3925 1506 3981 habebit
1555 3927 1793 3981 nomine
1846 3933 2135 3999 perpetuo
2181 3927 2441 3985 Vicariae
2491 3944 2694 3982 omnes
2738 3927 2950 3982 obven-

843 4015 882 4041 “
920 4011 1129 4076 tiones,
1190 4014 1251 4064 et
1300 4026 1499 4065 omnes
1554 4008 1829 4065 minimas
1887 4010 2143 4067 decimas
2193 4011 2457 4068 ecclesias
2493 4010 2566 4065 de
2603 4011 2836 4075 Luiton‚
2891 4016 2953 4065 et

848 4098 887 4123 “
923 4093 1184 4150 omnium
1223 4091 1586 4163 capellarum
1639 4091 1713 4147 ad
1752 4110 1882 4148 eam
1916 4094 2357 4166 pertinentium,
2398 4099 2459 4149 et
2493 4094 2689 4149 omnia
2723 4094 2841 4149 alia
2877 4093 2953 4148 ad

844 4182 885 4208 “
924 4178 1169 4235 eandem
1206 4177 1535 4243 ecclesiam,
1560 4171 1637 4232 ‘et
1673 4178 1929 4248 capellas
1967 4195 2124 4245 suas,
2163 4177 2536 4250 pertinentia,
2578 4195 2713 4233 cum
2748 4194 2954 4234 manso

848 4267 888 4293 “
927 4262 1302 4334 competenti,
1357 4260 1620 4332 exceptis
1675 4261 1902 4331 garbis,
1961 4267 2022 4317 et
2072 4268 2232 4318 terra
2288 4261 2364 4317 ad
2413 4261 2728 4317 ecclesiam
2766 4266 2827 4317 et
2874 4261 2951 4316 ad

848 4349 887 4374 ‘⁶
926 4345 1183 4418 capellas
1218 4345 1565 4416 pertinente.
1638 4344 1719 4399 Et
1742 4344 1878 4399 inde
1901 4346 2109 4401 vicarii
2134 4345 2507 4401 sustinebunt
2544 4346 2741 4400 omnia
2775 4361 2955 4400 onera

846 4431 886 4457 “
926 4429 1211 4496 ecclesiae,
1272 4427 1651 4500 parochialia,
1714 4428 2035 4499 synodalia,
2093 4427 2601 4496 archidiaconalia,
2658 4427 2955 4483 ordinaria

912 4640 927 4671 ¹
952 4640 1033 4689 aui
1065 4640 1277 4692 omitted
1308 4640 1363 4691 in
1394 4641 1480 4692 the
1514 4645 1625 4692 text
1647 4640 1706 4691 of
1733 4640 1848 4692 MS.
1937 4639 2022 4691 the
2057 4641 2273 4707 margin,
2319 4639 2374 4691 in
2420 4655 2452 4691 a
2504 4639 2782 4693 somewhat
2819 4640 2951 4692 later

847 4717 1088 4772 Claudius
1132 4719 1194 4770 E.
1234 4717 1335 4779 iv.;
1383 4719 1475 4769 but
1529 4719 1750 4770 inserted
1792 4719 1846 4768 in
1936 4719 2092 4771 hand.
