3450 5717
1117 828 1543 881 nonas-mun
1589 831 1838 883 SANGH
1881 833 2153 885 anmi
2557 826 2688 894 439

579 1011 755 1081 ricus
794 1013 958 1096 Rex,
1007 1020 1196 1104 pater
1255 1016 1526 1083 Domini
1583 1018 1785 1106 Regis
1832 1036 2021 1087 nunc.
2129 1020 2223 1088 Et
2283 1024 2461 1108 quod
2517 1046 2684 1112 prae-

581 1114 820 1183 dictus
871 1116 1101 1185 Abbas
1185 1120 1381 1187 modo
1460 1124 1649 1187 tenet
1716 1123 2062 1209 praedictas
2119 1123 2462 1192 libertates
2529 1129 2683 1195 sub-

576 1222 822 1286 tractas
881 1226 952 1287 et
1012 1228 1400 1311 occupatas3
1457 1224 1639 1290 unde
1697 1225 1864 1292 dicit
1921 1229 2097 1314 quod
2142 1228 2469 1296 Dominus
2536 1231 2682 1298 Rex

582 1321 1025 1390 deterioratae
1074 1331 1193 1404 est,
1256 1330 1327 1392 et
1382 1327 1696 1392 damnum
1743 1328 1961 1410 habet,
2029 1332 2117 1396 ad
2176 1332 2468 1399 valorem
2528 1356 2679 1402 oen-

573 1429 721 1491 tum
771 1426 1089 1495 librarum
1116 1454 1135 1510 ;
1180 1434 1250 1495 et
1291 1430 1449 1496 inde
1492 1431 1799 1517 producit
1842 1434 2106 1499 sectam.

659 1529 751 1595 Et
801 1530 1158 1617 praedictus
1208 1532 1440 1599 Abbas
1482 1535 1687 1613 venit,
1745 1538 1815 1602 et
1877 1535 2177 1602 defendit
2217 1559 2335 1625 per
2377 1544 2674 1608 attorna-

569 1637 717 1696 tum
784 1654 977 1699 suum
1043 1635 1185 1701 vim
1248 1640 1318 1701 et
1379 1637 1709 1723 injuriam,
1779 1640 2045 1724 quando
2100 1646 2162 1706 et
2222 1644 2473 1709 catera.
2583 1643 2675 1711 Et

571 1734 733 1801 dicit
777 1737 954 1822 quod
997 1738 1269 1824 quidam
1316 1739 1618 1827 Nigellus
1664 1742 1746 1807 de
1790 1742 2150 1809 Albaniam
2194 1743 2418 1811 tenuit
2463 1766 2670 1833 quon·

567 1837 720 1902 dam
764 1839 1156 1926 praedictum
1200 1842 1588 1922 manerium,
1657 1864 1808 1910 cum
1871 1843 2177 1912 omnibus
2247 1847 2672 1916 libertatibus

566 1941 944 2028 praedictis3
1028 1945 1145 2030 qui
1203 1945 1471 2030 quidem
1531 1944 1839 2035 Nigellus
1896 1948 2065 2016 illud
2128 1948 2315 2016 dedit
2388 1950 2533 2017 Deo
2602 1958 2671 2019 et

564 2045 813 2112 Sancto
856 2046 1137 2129 Albano,
1184 2068 1333 2114 cum
1400 2049 1825 2117 libertatibus
1890 2052 2240 2138 praedietis,
2308 2055 2670 2120 tenendum

563 2147 728 2213 adeo
788 2147 991 2215 libere
1035 2149 1209 2216 sicut
1272 2155 1341 2216 et
1408 2152 1550 2239 ipse
1620 2151 1789 2220 illud
1849 2154 2087 2220 tenuit.
2178 2154 2272 2221 Et
2329 2156 2672 2242 proferunt

571 2249 875 2317 chartam
935 2248 1098 2319 dicti
1165 2253 1444 2319 Hem-ici
1510 2252 1724 2344 Regis,
1787 2255 2009 2336 Primi,
2058 2257 2175 2342 qui
2243 2254 2666 2324 donationem

557 2352 743 2418 illam
787 2355 1220 2425 confirmavit.
1310 2356 1634 2424 Praeterea
1675 2359 2020 2446 proferunt
2056 2359 2351 2427 chartam
2393 2360 2667 2428 Domini

561 2454 828 2522 Ricardi
873 2459 1092 2545 Regis,
1153 2480 1302 2545 quae
1352 2458 1658 2527 similiter
1702 2466 2007 2543 testatur,
2066 2464 2242 2550 quod
2291 2463 2468 2530 idem
2512 2486 2663 2531 con-

556 2559 749 2625 cessit
801 2561 943 2627 Deo
990 2567 1059 2628 et
1105 2561 1410 2631 Ecclesiae
1452 2563 1682 2630 Sancti
1727 2565 1999 2649 Albani,
2047 2586 2168 2654 pro
2212 2567 2661 2654 redemptione

556 2664 796 2730 animae
846 2685 1001 2743 suae,
1050 2670 1119 2731 et
1177 2673 1528 2752 parentum
1572 2688 1861 2751 suorum,
1924 2691 2147 2735 omnes
2191 2669 2530 2736 libertates
2591 2675 2661 2736 et

554 2766 795 2832 liberas
871 2768 1376 2835 consuetudines
1448 2792 1612 2857 quas
1686 2772 1870 2859 regia
1952 2776 2246 2859 potestas
2321 2772 2658 2839 liberiores

553 2867 750 2934 alicui
816 2868 1101 2936 ecclesiae
1152 2872 1441 2938 conferre
1514 2877 1750 2959 potest.
1867 2870 2069 2939 Unde
2133 2873 2314 2957 dicit,
2363 2874 2541 2961 quod
2615 2898 2658 2940 a

553 2977 845 3060 tempore
889 2973 1265 3039 donationis
1309 2972 1644 3062 praedictae
1687 2996 1943 3093 semper
1984 2977 2256 3043 fuerunt
2300 2972 2375 3041 in
2417 2976 2657 3042 seisina

549 3075 632 3141 de
676 3075 919 3141 eisdem
960 3072 1394 3158 libertatibus,
1427 3082 1496 3143 et
1539 3075 1729 3165 plene
1773 3077 1878 3143 usi
1923 3083 2127 3161 sunt3
2183 3082 2254 3144 et
2298 3080 2476 3165 quod
2506 3080 2653 3145 nui-

550 3180 685 3247 lam
742 3180 1254 3267 usurpationem,
1299 3180 1410 3247 vel
1470 3181 2006 3262 subtractionem,
2051 3200 2248 3269 super
2291 3181 2654 3248 Dominum

551 3281 797 3370 Regem
847 3282 1161 3350 fecerunt.

637 3385 728 3450 Et
772 3385 1141 3452 Willelmus
1184 3386 1267 3451 de
1317 3385 1750 3472 Gislingham‚
1783 3385 1898 3473 qui
1942 3384 2246 3472 sequitur
2288 3405 2408 3471 pro
2453 3384 2650 3472 Rege,

549 3487 711 3554 dicit
779 3488 956 3575 quod
1020 3489 1566 3575 qualitercunque
1640 3488 1940 3554 chartam
2008 3487 2091 3553 de
2157 3486 2654 3554 confirmatione

548 3591 751 3680 Regis
809 3591 1083 3660 Ricardi
1156 3592 1515 3679 proferunt,
1586 3591 1668 3656 de
1728 3589 2224 3657 confirmatione
2310 3589 2646 3678 praedicta,

546 3696 983 3760 antecessores
1042 3695 1316 3760 Domini
1384 3693 1586 3781 Regis
1653 3712 1909 3781 semper
1952 3693 2224 3759 fuerunt
2265 3692 2341 3759 in
2385 3693 2648 3779 seysina

545 3797 629 3862 de
684 3796 1106 3865 libertatibus
1164 3797 1512 3886 praedictis,
1577 3817 1915 3883 quousque
1976 3796 2294 3883 praedicto
2357 3796 2645 3861 Domino

545 3901 837 3967 Henrioo
885 3902 1070 3991 Regi,
1130 3901 1307 3988 patri
1364 3899 1636 3967 Domini
1697 3900 1900 3987 Regis
1958 3922 2153 3979 nunc,
2197 3918 2315 3987 per
2371 3898 2643 3986 praedio-

543 4009 691 4069 tum
735 4003 1085 4083 Abbatem,
1134 4008 1205 4070 et
1246 4003 1749 4092 praedecessores
1777 4022 1943 4081 suos,
1992 4003 2238 4070 eaedem
2285 4002 2643 4069 subtractae

540 4107 855 4174 fuerunt:
904 4113 972 4173 et
1031 4107 1208 4195 quod
1263 4108 1364 4173 ita
1407 4106 1511 4183 sit,
1558 4106 1751 4193 ponit
1817 4103 1844 4143 ¹
1865 4105 1992 4193 [se]
2059 4126 2256 4194 super
2313 4104 2639 4192 patriam3

540 4215 613 4276 et
655 4210 901 4290 Abbas,
968 4230 1085 4298 per
1135 4214 1546 4276 attornatum
1601 4230 1813 4288 suum,
1868 4208 2187 4277 similiter.
2280 4208 2456 4274 Item
2520 4206 2643 4272 fiat

541 4319 695 4383 inde
740 4319 789 4383 J
788 4320 1000 4387 urata.

628 4421 677 4485 J
677 4423 857 4488 urati
920 4420 1169 4501 dicunt,
1217 4441 1412 4507 super
1463 4423 1942 4485 sacramentum
2006 4439 2215 4495 suum,
2280 4420 2458 4506 quod
2501 4423 2636 4488 Do-

1354 4764 1371 4797 ¹
1395 4760 1617 4818 Omitted
1637 4762 1690 4813 in
1706 4761 1822 4816 MS.

2778 1046 2962 1114 Roget,

2810 1115 2932 1166 m,

2774 1176 2964 1246 Abbot,

2743 1242 2987 1369 effi).

2791 1408 2925 1425 —
