3450 5717
828 741 956 807 458
1585 754 1808 808 GEsTA
1850 754 2177 809 Annum!

542 941 730 1011 Roget,
823 941 1118 1011 missario
1165 940 1241 1005 in
1298 943 1421 1007 hac
1483 945 1671 1029 parte
1728 941 2040 1011 Officialis
2097 942 2316 1011 Ouriae
2381 942 2920 1027 cantuariensis3

539 1014 734 1146 23²1?ssss
822 1066 970 1132 quae
1033 1045 1264 1110 sedata
1337 1045 1485 1123 fuit,
1555 1044 1824 1111 omnino
1873 1047 2221 1113 sententiis
2273 1052 2345 1113 et
2402 1049 2761 1135 sequestris
2814 1071 2916 1115 re-

515 1142 743 1266 12ἓόῙέὁο
818 1147 1077 1227 laxatis,
1107 1170 1224 1235 per
1262 1144 1774 1236 prohibitionem
1814 1150 2066 1237 regiam
2116 1154 2339 1239 aperte
2388 1151 2714 1219 dictorum
2742 1152 2917 1219 vica?

558 1309 693 1322 -,
745 1252 758 1266 ’
816 1251 1063 1316 riorum
1109 1251 1190 1316 de
1235 1250 1656 1341 Wyneslowe
1703 1257 1774 1320 et
1819 1251 1902 1317 de
1948 1250 2319 1327 Horewode
2362 1254 2780 1349 propositam.

474 1344 533 1394 of
547 1346 633 1399 the

477 1412 653 1464 Abbot
673 1414 737 1465 of

473 1478 546 1532 St.
560 1481 787 1537 Alban’s.
812 1475 1068 1545 Forma
1137 1477 1512 1544 concordioe
1588 1500 1798 1565 super
1873 1477 1990 1545 lite
2055 1478 2242 1545 inter
2301 1478 2917 1569 Amkinpisoopum

996 1581 1562 1648 Dantuariensem
1651 1590 1712 1648 et
1789 1581 2118 1669 quosdam
2188 1581 2253 1647 A
2266 1581 2477 1649 bbates
2538 1585 2914 1671 Emptos,

990 1683 1260 1749 ‘ratione
1347 1682 1812 1769 deroyationis
1908 1683 2293 1763 eorundem,
2385 1685 2665 1752 diutius
2756 1708 2910 1752 con-

991 1787 1287 1854 tinuata.

469 1936 669 1993 certain
899 1931 1096 1999 Anno
1171 1931 1444 1997 Domini
1532 1931 1883 1999 millesimo
1972 1931 2423 1998 ducentesimo
2513 1933 2911 2020 octogesimo

465 2072 589 2123 Abb
622 2081 667 2125 ω
809 2034 1038 2123 primo,
1083 2036 1363 2125 septimo
1410 2035 1517 2100 die
1548 2036 1790 2100 mensis
1823 2034 2147 2113 Octobris,
2182 2034 2419 2100 Frater
2445 2034 2493 2099 J
2495 2034 2787 2102 ohannes
2830 2038 2911 2102 de

462 2139 749 2207 neglecting
809 2138 1111 2219 Pecham,
1177 2138 1725 2228 Arcbiepiscopus
1791 2136 2302 2218 CantuariensiS,
2371 2137 2529 2204 fecit
2572 2144 2910 2226 exemptos

462 2214 518 2256 to
539 2208 716 2261 attend
1474 2240 1489 2254 .
1911 2240 1925 2255 .
2018 2240 2033 2255 .
2436 2240 2451 2255 .
2575 2240 2590 2256 .
2635 2240 2649 2254 .

463 2288 495 2323 a
515 2272 692 2339 Synod
708 2274 766 2327 of
806 2244 875 2306 et
919 2263 1057 2307 non
1087 2246 1425 2333 exemptos
1469 2262 1544 2305 m
1584 2262 1703 2306 sua
1734 2240 2097 2319 Provincia,
2145 2246 2378 2306 contra
2420 2244 2779 2327 justitiam,
2823 2241 2911 2307 ad

462 2341 547 2416 ΨΒ
565 2340 730 2392 Arch-
809 2342 1170 2410 C'onsilium
1215 2365 1427 2424 suum,
1473 2343 1652 2429 apud
1700 2342 2097 2407 Lambhithe
2145 2341 2564 2423 celebratum,
2612 2365 2908 2431 peremp-

460 2407 723 2523 gfflpprpf
806 2446 971 2511 torie
1004 2447 1274 2512 evocari.
1367 2445 1499 2529 Qui
1531 2466 1680 2510 cum
1711 2444 2027 2510 interesse
2065 2445 2528 2533 neglexissent,
2560 2444 2913 2513 mandavit

458 2541 735 2659 Rffisssht‘iae
804 2550 1106 2636 pluribus
1151 2548 1599 2637 suffraganeis
1645 2549 1784 2613 suis
1834 2548 2194 2635 Episcopis,
2256 2554 2335 2614 ut
2394 2549 2568 2615 bona
2618 2571 2909 2637 quarun-

458 2675 618 2737 300&
804 2652 958 2719 dam
1028 2651 1444 2717 ecclesiarum
1507 2673 1792 2729 suarum,
1853 2651 2056 2716 etiam
2109 2652 2183 2716 in
2242 2652 2538 2739 proprios
2594 2674 2755 2718 usus
2811 2654 2908 2719 eis

459 2739 520 2855 ἓξ
535 2755 673 2857 ἓξὲξ
802 2755 1300 2841 assignatarum,
1346 2755 1577 2823 statim
1622 2757 2126 2840 sequestrarent.

455 2872 696 2924 charchas
888 2855 1032 2920 Illis
1061 2862 1284 2921 autem
1331 2856 1454 2921 hoc
1513 2856 1901 2921 mandatum
1934 2855 2016 2921 de
2059 2855 2253 2934 facto,
2299 2855 2423 2921 etsi
2466 2877 2603 2921 non
2634 2856 2716 2922 de
2735 2857 2909 2942 jure,

454 2945 510 2990 ‘⁰
529 2941 756 3059 gns-affui.
797 2958 1307 3045 perficientibus,
1344 2957 1654 3048 exempti,
1679 2958 1852 3023 sicut
1881 2956 2124 3037 decuit,
2158 2957 2447 3024 vicissim
2470 2959 2904 3046 appellartmt.

454 3022 593 3125 21).
617 3079 759 3127 1281.
800 3061 1193 3127 Interlocuti
1253 3061 1462 3149 igitur
1505 3059 1836 3148 praecipue
1893 3059 1976 3126 de
2022 3059 2630 3139 westmonast-uim
2676 3061 2903 3127 Sancti

452 3153 564 3204 The
573 3154 775 3206 Abbots
799 3163 1064 3242 Albani,
1110 3162 1337 3229 Sancti
1384 3162 1752 3244 Edmundi,
1805 3167 1874 3228 et
1927 3164 2008 3229 de
2061 3161 2417 3242 waltham,
2471 3162 2784 3242 Abbates,
2825 3165 2899 3230 in

452 3221 760 3343 ἷρῃῖθέιῶω.
796 3266 1056 3354 scriptis
1099 3288 1217 3361 per
1243 3287 1513 3341 manum
1543 3265 1794 3353 publici
1823 3265 2085 3345 notarii,
2115 3271 2313 3353 prout
2340 3265 2599 3352 plenius
2628 3273 2900 3355 apparet

452 3354 739 3475 ffg’dugssb‘g'
796 3371 871 3435 in
902 3367 921 3406 ¹
942 3369 1140 3435 Libro
1188 3368 1835 3457 supplementorum,
1879 3369 1952 3434 in
1997 3368 2116 3433 illo
2159 3389 2479 3456 processu,
2509 3390 2696 3434 suam
2738 3370 2896 3458 legi-

452 3495 614 3539 tweeu
635 3489 722 3541 tha
796 3473 1030 3537 timam
1059 3472 1466 3537 unanimiter
1525 3472 1854 3557 prosecuti
1899 3468 1925 3507 2
1947 3475 2104 3536 sunt
2148 3467 2671 3563 appellationem.
2764 3470 2897 3553 Qui

421 3554 700 3684 ’ξξζξῇδ
703 3629 755 3674 ot
796 3575 1282 3641 considerantes
1364 3574 1438 3638 in
1511 3572 1701 3639 litem
1777 3574 1965 3661 quasi
2061 3573 2503 3639 immortalem
2581 3595 2899 3661 expensas

452 3686 689 3765 oswen·
793 3678 1073 3742 nimium
1148 3681 1584 3764 sumptuosas,
1645 3681 1922 3763 excepto
1985 3675 2253 3741 Abbate
2303 3675 2893 3754 Waetmonasterii,

450 3765 689 3874 mm&
794 3781 1198 3849 ordinationi
1254 3778 1559 3867 Magistri
1605 3778 1790 3847 Petri
1838 3779 1920 3843 de
1970 3777 2216 3843 Sancto
2247 3777 2480 3858 MariO,
2530 3784 2691 3845 tunc
2736 3778 2892 3844 Offi-

450 3826 734 3969 ῗέῗὶέῑιῷ)
789 3884 973 3950 cialis
1033 3882 1254 3950 Curiae
1317 3880 1829 3963 Cantuariensis‚
1891 3881 2025 3968 qui,
2088 3882 2449 3947 secundum
2536 3881 2891 3949 litteralem

448 3956 764 4075 fflgffing
786 3986 1344 4075 compositionem,
1374 3984 1714 4049 ordinavit
1762 3982 1959 4077 quod,
2007 3985 2358 4073 sequestris
2401 3983 2557 4050 hinc
2594 3984 2747 4051 inde
2788 4005 2888 4051 re-

789 4091 1021 4170 missis,
1073 4094 1143 4155 et
1197 4086 1753 4176 appellationibus
1807 4087 1891 4153 ob
1947 4108 2027 4152 ea
2089 4087 2357 4179 penitus
2409 4087 2679 4168 omissis,
2733 4088 2888 4174 jura

786 4193 1122 4280 utrinque,
1153 4214 1227 4258 ac
1258 4189 1679 4269 defensiones,
1729 4191 1986 4277 integre
2036 4193 2472 4269 reserventur,
2517 4212 2585 4256 se
2634 4212 2891 4256 concor-

787 4295 961 4361 diter
990 4294 1439 4360 submiserunt
1467 4317 1482 4358 2
1530 4293 1631 4358 ita
1676 4293 1855 4378 quod
1898 4292 2278 4378 hujusmodi
2323 4292 2502 4357 facta
2527 4293 2891 4382 privilegiis

785 4403 857 4462 et
888 4397 1154 4482 juribus
1184 4397 1509 4464 dictorum
1527 4394 1896 4476 Abbatum,
1924 4394 2031 4460 vel
2061 4395 2349 4461 Domino
2367 4394 2889 4484 Archiepiscopo,

850 4620 867 4651 ¹
892 4620 1018 4670 This
1071 4621 1225 4682 book,
1279 4621 1537 4687 probably,
1595 4628 1782 4672 cannot
1931 4618 1953 4652 ²
1969 4635 2109 4671 suam
2131 4617 2185 4669 in
2207 4617 2343 4683 MS„
2365 4619 2437 4684 by
2457 4618 2683 4672 mistske.

782 4715 899 4752 now
920 4701 985 4753 be
1005 4700 1189 4751 meed-
