3450 5717
1111 815 1531 868 uonmmn
1578 818 1823 871 smc'n
1867 818 2146 873 ALBANI.
2545 811 2672 879 365

581 1009 620 1035 “
656 1007 764 1064 bas
788 1007 861 1064 de
899 1006 1113 1065 Sancto
1136 1008 1365 1065 Albano
1401 1009 1708 1076 concessit,
1742 1028 1848 1083 pro
1878 1029 1941 1066 se
1974 1017 2036 1068 et
2073 1014 2506 1071 successoribus
2532 1016 2675 1081 suis,
2737 1017 2878 1069 John
2899 1019 2989 1080 11.,

580 1097 619 1127 “
657 1100 720 1151 et
765 1093 1013 1150 ecclesia
1050 1111 1158 1149 sua
1209 1093 1509 1165 proedicta,
1565 1106 1848 1165 quantum
1894 1095 1971 1151 ad
2005 1096 2163 1169 ipsos
2199 1099 2472 1170 pertinet,
2526 1099 2682 1170 quod
2769 1088 2927 1205 ἐξὲξ

581 1182 619 1209 “
658 1179 971 1250 praedictus
1026 1177 1226 1233 Abba-s
1257 1177 1783 1244 westmonasterii,
1834 1186 1896 1235 et
1944 1199 2309 1239 successores
2346 1185 2458 1249 sui,
2509 1185 2682 1239 habe·
2796 1221 2848 1269 A
2868 1161 2961 1270 Dt,

581 1268 619 1292 “
658 1272 760 1319 ant
793 1263 1309 1335 imprisonamenta
1357 1263 1662 1318 hominum
1700 1281 1941 1319 suorum
1977 1266 2240 1339 ejusdem
2272 1267 2451 1333 villoe,
2486 1274 2547 1324 et
2579 1269 2683 1323 ali·
2747 1259 2987 1340 1235-(30.

582 1352 621 1378 ‘⁸
660 1366 828 1404 orum
862 1348 1166 1406 hominum
1216 1347 1318 1419 qui
1354 1347 1511 1402 infra
1546 1347 1791 1402 eandem
1826 1349 2031 1404 villam
2080 1352 2311 1407 fuerant
2349 1353 2588 1408 arestati
2625 1360 2685 1408 et
2791 1383 2926 1397 --

580 1436 620 1462 “
660 1435 835 1506 capti,
898 1439 959 1489 et
1011 1431 1385 1505 imprisonari
1435 1431 1714 1499 debeant3
1774 1434 2029 1506 exceptis
2094 1435 2426 1493 hominibus
2484 1437 2684 1493 Sancti

581 1520 620 1546 “
659 1517 891 1584 Albani,
932 1518 1004 1573 de
1061 1534 1406 1589 quocunque
1455 1516 1583 1572 loco
1622 1517 1857 1583 fuerint,
1909 1520 2012 1589 qui
2047 1536 2153 1591 per
2201 1520 2448 1577 ballivos
2496 1521 2685 1594 ipsius

579 1605 620 1631 “
657 1601 905 1658 Abbatis
943 1601 1016 1657 de
1055 1601 1268 1658 Sancto
1303 1600 1551 1666 Albane,
1603 1608 1664 1656 et
1711 1620 2119 1659 successorum
2156 1623 2414 1671 suorum,
2468 1606 2543 1662 ad
2578 1607 2686 1663 vil-

579 1690 619 1715 “
657 1687 776 1743 lam
812 1686 885 1743 de
934 1686 1147 1743 Sancto
1183 1685 1413 1742 Albano
1442 1686 1749 1752 ducentur,
1777 1692 1838 1742 et
1871 1686 2091 1744 ibidem
2129 1688 2681 1761 imprisonabuntur.

581 1774 621 1800 ‘⁸
659 1771 739 1828 Et
791 1772 843 1828 si
885 1772 1101 1842 aliquis
1155 1770 1426 1826 detentus
1475 1777 1537 1826 et
1583 1770 2005 1842 imprisonatus
2055 1772 2238 1828 fuerit
2291 1773 2354 1828 in
2406 1775 2686 1846 proedicto

583 1858 621 1883 ‘⁶
660 1855 939 1922 maneriO,
974 1860 1213 1929 propter
1248 1854 1486 1925 aliquod
1521 1855 1823 1921 delictum,
1852 1855 1927 1910 ad
1964 1856 2121 1926 quod
2153 1857 2338 1913 vitam
2374 1859 2468 1914 vel
2504 1877 2686 1914 mem-

584 1943 623 1968 “
665 1941 838 1995 brum
872 1939 1083 1996 debeat
1117 1941 1408 2006 amittere,
1447 1939 1543 1995 vel
1594 1940 1759 1996 aliud
1786 1939 2083 2012 judicium
2127 1941 2345 2008 subire,
2392 1943 2547 2015 quod
2582 1962 2688 2017 per

583 2027 622 2053 “
662 2025 948 2081 ballivum
987 2025 1187 2081 Sancti
1222 2025 1437 2081 Albani
1462 2026 1655 2097 possit
1688 2024 1958 2096 placitari
1993 2031 2054 2081 et
2075 2026 2397 2091 terminari,
2425 2047 2532 2101 per
2565 2029 2688 2085 bal-

582 2114 620 2138 “
660 2110 847 2166 livum
869 2109 1117 2166 Abbatis
1157 2108 1357 2166 Sancti
1380 2109 1614 2175 Albani,
1655 2118 1716 2165 et
1741 2126 2145 2166 successorum
2170 2129 2428 2176 suorum,
2455 2112 2518 2167 in
2540 2131 2687 2185 prae-

583 2196 622 2222 “
665 2195 821 2250 dicto
856 2195 1135 2259 maner-ic,
1176 2212 1313 2249 cum
1344 2194 1548 2249 liberis
1603 2194 1939 2250 hominibus
1992 2194 2256 2266 ejusdem
2303 2198 2569 2263 manerii,
2628 2204 2688 2254 et

584 2282 624 2307 “
668 2279 801 2333 aliis
835 2278 1039 2334 liberis
1074 2278 1408 2335 hominibus
1447 2278 1520 2333 de
1555 2279 1837 2351 praedicto
1872 2279 2195 2345 hundredo,
2216 2280 2598 2350 judicabitur,
2628 2287 2690 2338 et

583 2366 623 2391 “
663 2364 930 2419 executio
966 2363 1130 2419 illius
1166 2363 1382 2434 judicii
1420 2363 1521 2419 fiet
1560 2381 1667 2435 per
1702 2363 1992 2420 ballivum
2028 2365 2100 2420 de
2136 2364 2502 2422 Audenham.
2592 2367 2688 2423 Ita

582 2452 621 2475 “
661 2452 876 2513 tamen,
917 2446 1075 2519 quod
1110 2447 1163 2503 si
1201 2447 1457 2503 ballivus
1498 2448 1699 2504 Sancti
1737 2448 1956 2503 Albani
1995 2450 2287 2506 malitiose
2324 2469 2387 2505 se
2423 2446 2686 2507 absenta-
2766 2449 2770 2452 ’

582 2536 619 2560 “
658 2533 830 2598 verit,
868 2549 1004 2587 cum
1027 2531 1243 2604 aliquis
1284 2532 1627 2588 malefactor
1661 2538 1870 2605 captus
1905 2534 2101 2599 fuerit,
2142 2540 2203 2589 et
2236 2535 2392 2590 infra
2427 2552 2686 2591 mensem

583 2620 620 2645 “
657 2623 966 2689 postquam
1002 2616 1389 2689 proemunitus
1424 2616 1605 2673 fuerit
1638 2635 1744 2689 per
1778 2617 2066 2673 ballivum
2100 2617 2172 2672 de
2208 2617 2558 2675 Audenham
2611 2621 2686 2675 ad

582 2704 621 2731 “
653 2700 945 2773 judicium
985 2700 1319 2758 faciendum
1353 2719 1468 2756 non
1502 2701 1750 2766 venerit,
1778 2706 1918 2757 tunc
1954 2701 2156 2756 licebit
2188 2701 2406 2758 ballivo
2444 2702 2516 2759 de
2563 2703 2685 2759 Au-

581 2790 620 2815 “
658 2785 927 2851 denham,
965 2787 1029 2843 in
1064 2786 1328 2843 absentia
1362 2786 1565 2842 ballivi
1596 2785 1796 2841 Sancti
1824 2785 2060 2851 Albani,
2096 2787 2499 2844 malefactores
2527 2787 2685 2859 judi-

584 2874 625 2900 “
664 2889 816 2937 care,
869 2876 929 2927 et
978 2871 1376 2929 executionem
1419 2869 1633 2942 judicii
1686 2871 1901 2936 facere,
1968 2870 2123 2927 sicut
2161 2871 2510 2943 praedictum
2573 2879 2679 2929 est.

580 2958 623 2984 ‘⁸
663 2956 742 3011 Et
779 2956 830 3012 si
865 2956 1131 3027 praedicti
1185 2956 1449 3011 homines
1504 2956 1576 3011 de
1630 2954 1913 3028 praedicto
1962 2956 2221 3011 manerio
2262 2955 2334 3011 de
2379 2956 2684 3012 Adenham

586 3043 626 3067 “
664 3058 860 3096 coram
898 3041 1258 3097 Justiciariis
1297 3039 1535 3095 Domini
1553 3039 1760 3112 Regis,
1801 3038 1897 3096 vel
1933 3057 2130 3096 coram
2165 3039 2403 3096 ballivis
2438 3040 2686 3098 Abbatis

583 3128 622 3153 ‘⁸
661 3126 734 3181 de
760 3124 974 3180 Sancto
1007 3124 1253 3191 Alban0,
1283 3129 1344 3180 et
1377 3141 1782 3180 successorum
1817 3141 2077 3187 suorum,
2106 3124 2327 3181 fuerint
2361 3127 2682 3190 amerciati,

588 3213 627 3237 ‘⁶
664 3210 764 3265 vel
815 3225 1011 3265 coram
1062 3209 1285 3264 eisdem
1337 3208 1576 3263 ballivis
1643 3208 1791 3263 fines
1845 3207 2108 3271 fecerint,
2168 3213 2562 3280 praeterquam
2610 3209 2686 3265 ad

584 3297 622 3322 ‘⁶
661 3293 1008 3366 praedictum
1042 3292 1238 3348 visum
1262 3292 1656 3364 franciplegii,
1700 3299 1763 3347 et
1797 3309 1903 3363 pro
1940 3290 2159 3348 defalta
2194 3298 2368 3348 sectae
2404 3293 2685 3348 faciendas

583 3383 622 3407 ‘⁸
661 3378 736 3437 ad
769 3378 1115 3449 praedictum
1160 3376 1550 3440 hundredum,
1593 3393 1728 3430 cum
1764 3375 2097 3446 contigerit,
2138 3376 2292 3431 sicut
2336 3376 2683 3448 praedictum

582 3466 621 3491 ‘⁴
660 3469 769 3526 est,
823 3461 981 3517 idem
1039 3461 1240 3516 Abbas
1288 3460 1361 3515 de
1430 3460 1644 3516 Sancto
1689 3459 1945 3525 Albane,
2016 3465 2079 3515 et
2142 3478 2509 3517 successores
2570 3465 2683 3527 sui,

584 3551 622 3574 “
660 3546 959 3602 habebunt
993 3545 1369 3601 medietatem
1417 3544 2003 3600 amerciamentorum
2039 3543 2298 3609 illorum,
2345 3551 2406 3601 et
2440 3546 2680 3614 finium;

584 3639 621 3663 “
662 3640 722 3693 et
772 3633 1065 3699 similiter,
1129 3632 1505 3688 medietatem
1565 3631 1813 3704 proficui
1862 3636 2154 3687 terrarum
2221 3645 2282 3688 et
2340 3633 2682 3690 catallorum

584 3722 621 3746 ‘⁴
661 3718 1067 3774 damnatorum
1110 3723 1171 3773 et
1204 3717 1611 3788 fugitivorum,
1650 3722 1773 3772 tam
1812 3716 1885 3771 de
1911 3734 2059 3772 anno
2084 3722 2145 3772 et
2180 3722 2366 3783 vasto,
2397 3737 2574 3788 quam
2611 3721 2683 3775 de

585 3807 623 3831 “
662 3802 932 3858 omnibus
979 3801 1113 3858 aliis
1149 3801 1429 3875 proficuis
1465 3799 1539 3855 de
1588 3799 1807 3872 placito
1846 3818 2071 3855 coronae
2107 3802 2586 3872 provenientibus
2623 3804 2685 3858 in

582 3891 623 3915 ‘⁶
663 3887 867 3942 eodem
915 3886 1196 3949 maneri0,
1237 3903 1372 3941 cum
1415 3885 1789 3957 contigerint,
1841 3885 2277 3957 percipiendam
2336 3904 2442 3959 per
2478 3906 2684 3944 manus
2731 3873 2742 3885 ⁸

582 3976 620 4000 “
658 3971 863 4027 ballivi
886 3970 1134 4026 Abbatis
1160 3969 1690 4034 Westmonasterii‚
1733 3974 1793 4025 et
1827 3986 2231 4025 successorum
2270 3989 2529 4037 suorum,
2570 3974 2687 4029 sin-

584 4061 622 4085 “
662 4057 820 4127 gulis
857 4056 1024 4111 annis
1062 4054 1219 4127 apud
1254 4054 1536 4111 Sanctum
1586 4053 1900 4118 Albanum,
1943 4052 2019 4108 ad
2068 4053 2312 4110 Pascha.
2405 4056 2486 4111 Et
2536 4075 2684 4129 prae-

583 4144 622 4169 “
661 4139 853 4195 dictus
907 4138 1109 4194 Abbas
1144 4137 1669 4203 westmonasterii,
1712 4145 1774 4193 et
1826 4154 2194 4194 successores
2249 4139 2360 4206 sui,
2388 4140 2686 4199 habebunt

583 4228 621 4252 “
660 4224 906 4280 alteram
941 4222 1317 4278 medietatem
1358 4221 1772 4295 praedictorum
1828 4223 2410 4279 amerciamentorum
2448 4230 2508 4280 et
2553 4244 2685 4298 pro-

587 4313 624 4337 ‘⁵
663 4310 967 4363 ficuorum.
1058 4307 1139 4362 Et
1186 4306 1238 4363 si
1285 4305 1605 4379 praedictus
1659 4306 1862 4362 Abbas
1910 4307 1984 4362 de
2035 4306 2247 4362 Sancto
2297 4306 2546 4374 Albane,
2587 4312 2681 4365 vel

586 4397 626 4422 “
666 4408 1033 4449 successores
1088 4393 1201 4458 sui,
1266 4391 1465 4462 aliquo
1514 4395 1775 4462 tempore
1842 4392 2143 4446 amerciati
2203 4390 2422 4448 fuerint
2485 4411 2682 4450 coram

585 4482 624 4507 “
662 4477 923 4532 Domino
971 4476 1156 4547 Rege,
1214 4476 1309 4532 vel
1347 4476 1644 4547 aliquibus
1683 4475 1723 4529 J
1724 4475 2045 4531 usticiariis
2082 4475 2177 4531 vel
2211 4475 2499 4533 ministris
2536 4481 2682 4547 suis,

587 4566 626 4592 ‘⁸
665 4562 762 4618 vel
799 4560 1039 4634 aliquod
1075 4559 1239 4617 aliud
1286 4559 1563 4616 damnum
1600 4560 1971 4625 incurrerint,
2010 4577 2118 4632 pro
2159 4559 2357 4632 aliqua
2393 4563 2677 4634 captione,

588 4651 627 4677 “
667 4648 1181 4721 inprisonament0‚
1231 4646 1329 4702 vel
1379 4644 1846 4709 attachiamentO,
1885 4644 2104 4717 injuste
2150 4644 2321 4701 factis
2366 4665 2473 4719 per
2530 4665 2677 4719 prae·

586 4740 625 4766 ‘⁴
664 4735 886 4790 dictum
933 4733 1221 4791 ballivum
1259 4731 1332 4788 de
1378 4731 1743 4798 Audenham,
1786 4732 1882 4788 vel
1929 4749 2036 4811 per
2073 4731 2364 4790 defectum
2400 4735 2677 4792 attachia-
