3450 5717
1307 860 1660 913 Armi-mlx
1689 844 1827 935 ’(Β).
2497 848 2625 917 495

746 1077 750 1081 ’
849 1070 852 1073 A
881 1089 1018 1167 [De]
1057 1090 1335 1148 miracu-lo
1362 1088 1522 1155 dolii,
1561 1094 1611 1145 et
1649 1088 1950 1163 diliqentia
1972 1063 2275 1169 quaerendi.
2428 1166 2436 1171 ἡ

578 1230 586 1236 ·
620 1202 828 1275 Illuxit
891 1203 1134 1263 interea·
1176 1206 1376 1263 sancta
1430 1200 1771 1259 solemnitas
1833 1202 2008 1261 Beati
2054 1202 2292 1261 -Albani
2339 1203 2629 1279 Martyris

524 1296 880 1361 consecrata,
907 1306 1102 1362 quam,
1130 1288 1193 1347 in
1227 1306 1291 1345 se
1317 1288 1554 1351 claram,
1582 1287 1833 1343 istorum
1855 1289 2177 1360 publicatio
2213 1289 2633 1359 miraculorum
2730 1314 2737 1321 ·

524 1375 781 1435 reddidit
821 1375 1148 1431 clariorem.
1227 1372 1632 1431 Admonentur
1671 1371 1893 1429 fideles*
1913 1373 1988 1430 ad
2025 1373 2421 1447 eleemosynas
2453 1375 2630 1448 largi·

525 1478 674 1527 ores,
711 1460 963 1532 singulis
998 1477 1142 1516 usus
1190 1458 1422 1532 parcior
1456 1458 1870 1517 alimentorum
1904 1457 2203 1527 indicitur,
2241 1465 2303 1518 et
2338 1460 2549 1519 iterata
2572 1461 2633 1518 in

525 1546 846 1615 crastinum
886 1544 1184 1619 processio
1224 1543 1605 1601 instauratur.

543 1680 550 1691 .
614 1628 732 1687 Sed
789 1629 1118 1701 interpositi
1179 1644 1411 1700 quoque
1472 1626 1628 1684 dies.
1657 1645 2030 1703 nequaquam
2104 1627 2290 1687 otioso
2348 1630 2633 1686 transiere

524 1715 814 1781 discursu,
855 1715 959 1772 sed
995 1729 1182 1785 usque
1217 1713 1281 1771 in
1304 1713 1509 1770 horam
1533 1711 1901 1770 Inventionis
1947 1709 2295 1770 Sanctoruin
2329 1716 2632 1774 miraculis

525 1800 892 1863 evidentibus
937 1797 1298 1857 coruscabat.
1391 1797 1620 1870 Nempe
1656 1799 1752 1855 vir
1786 1796 2043 1870 ¹fquidam
2079 1799 2151 1854 de
2188 1800 2643 1873 ,Kyngesberiffl

525 1884 808 1952 fodientes
857 1889 918 1943 et
960 1882 1204 1941 Sanctos
1250 1888 1580 1955 quoerentes
1625 1882 1897 1949 irridens,
1924 1888 2090 1939 nocte
2129 1901 2265 1940 cum
2304 1885 2434 1941 aliis
2470 1885 2635 1943 venit

525 1969 601 2031 ad
622 1968 835 2035 locum,
862 1968 993 2041 pari
1018 1967 1257 2039 quidem
1280 1966 1396 2033 via,
1426 1965 1530 2022 sed
1551 1966 1852 2024 voluntate
1877 1967 2153 2025 diversa„
2186 1967 2303 2037 Qui
2327 1969 2631 2026 confestim

526 2059 792 2127 arreptus
841 2071 896 2119 as
924 2053 1229 2118 daemonic,
1280 2051 1568 2111 furiosum
1623 2053 1926 2109 evidenter
1974 2052 2286 2127 expressit,
2333 2062 2393 2110 et
2438 2059 2643 2111 vestes,

526 2140 885 2211 dirumpens,
938 2137 1190 2209 abjecit;
1246 2142 1307 2193 et
1355 2137 1476 2208 qui,
1528 2137 1677 2193 alios
1726 2137 2020 2204 deridens,
2073 2145 2338 2211 spectare
2391 2156 2632 2197 venerat

527 2223 833 2288 fodientes,
874 2222 1275 2295 spectaculum
1299 2222 1570 2279 omnibus
1608 2228 1700 2279 est
1736 2222 1998 2279 effectus.
2077 2223 2363 2296 Cumque,
2404 2226 2631 2283 cunctis

526 2309 883 2374 videntibus,
947 2308 1170 2363 diutius
1213 2313 1610 2380 torqueretur,
1669 2308 2049 2380 corripientis
2087 2308 2202 2365 Dei
2244 2328 2451 2366 manus
2508 2328 2641 2367 ces-.

527 2395 697 2460 savit,
759 2400 821 2450 et
879 2393 1116 2451 demum
1153 2394 1477 2464 castigatus
1501 2432 1506 2435 -
1527 2393 1839 2453 incolumis
1894 2393 1971 2449 ad
2025 2395 2265 2466 propria
2306 2395 2639 2468 repedavit..

526 2478 700 2534 Alius
725 2483 941 2544 autem,
973 2477 1217 2534 Sanctos
1258 2484 1588 2549 quaerentes
1611 2476 1811 2534 verbis
1855 2479 2314 2535 subsannatoriis
2357 2480 2626 2547 illudens,

528 2562 728 2619 statim
761 2561 977 2621 divinae
1026 2561 1321 2632 subJ'acuit
1369 2561 1598 2617 ultioni.
1673 2560 1734 2616 N
1736 2578 1831 2617 am
1868 2562 2020 2617 inter
2055 2563 2413 2635 loquendum
2461 2567 2630 2636 gravi

527 2652 828 2720 correptus
852 2646 1237 2711 incommodo,
1266 2647 1328 2701 in
1351 2646 1519 2702 brevi
1543 2645 1953 2721 blasphemum
1978 2647 2254 2719 spiritum
2279 2648 2589 2706 exhalavit.
2634 2698 2640 2707 .

542 2781 553 2793 ‚
597 2731 882 2803 Algarus·
921 2731 1010 2795 de.
1040 2731 1444 2803 Dunestaplia,
1498 2748 1632 2787 cum
1695 2729 1771 2786 ad
1842 2731 2037 2787 locum
2096 2733 2344 2789 eundem
2406 2734 2628 2799 dolium

527 2821 549 2855 ²
564 2816 815 2875 cervisia
836 2816 1098 2889 plenum,
1121 2816 1196 2873 ad
1226 2816 1615 2882 vendendum,
1644 2815 1829 2873 rheda
1851 2818 2074 2888 portari
2099 2818 2355 2885 fecisset,
2383 2821 2638 2877 accessit

531 2902 605 2959 ad
629 2920 763 2959 eum
786 2919 945 2973 teger
968 2901 1260 2977 ³quidam,
1280 2907 1341 2956 et
1363 2915 1603 2973 pauper,
1624 2918 1842 2971 rogans
1867 2901 2324 2974 simpliciter,·ob
2348 2904 2629 2978 Martyris

529 3004 804 3053 amorem,
844 2987 1014 3059 cujus
1049 2986 1456 3049 Inventionem
1492 2985 1746 3057 populus
1784 2987 2143 3058 expectabat,
2184 2993 2254 3044 ut
2295 2988 2473 3054 sitim,
2511 3010 2632 3063 qua

527 3072 920 3145 premebatur,
981 3075 1126 3143 potu
1183 3071 1411 3147 modico
1470 3071 1779 3127 relevaret.
1872 3071 2186 3128 Incanduit
2233 3073 2493 3145 Algarus
2555 3077 2628 3132 ad

527 3156 707 3212 verba
728 3156 937 3227 aegroti
961 3155 1051 3211 ira
1072 3154 1424 3219 vehementi,
1454 3171 1722 3210 asserens
1750 3172 1813 3211 se
1837 3155 1982 3211 illuc
2006 3174 2119 3211 non
2143 3174 2323 3213 causa
2343 3158 2636 3230 Martyris

531 3241 853 3305 advenisse,
904 3240 1008 3297 sed
1047 3246 1116 3297 ut
1169 3240 1397 3295 lucrum
1452 3256 1800 3312 quocunque
1863 3240 2034 3297 modo
2082 3260 2152 3297 au
2158 3248 2343 3312 geret.
2419 3244 2629 3302 Adhuc

529 3327 635 3386 illo
669 3342 990 3399 pauperem
1036 3325 1101 3381 in
1144 3324 1301 3381 hunc
1337 3323 1576 3380 modum
1624 3324 1998 3390 convitiante‚
2050 3331 2111 3385 et
2159 3329 2327 3383 ecce!
2378 3334 2635 3400 utroque·

533 3411 712 3469 fundo
759 3409 904 3467 dolii
944 3410 1270 3482 impetuose
1320 3409 1542 3476 evulso,
1587 3410 1650 3465 in
1710 3409 1906 3481 platea
1946 3411 2199 3468 cervisia
2239 3413 2625 3482 fundebatur;

529 3496 729 3568 sicque
777 3495 998 3553 factum
1046 3500 1154 3562 est,
1205 3500 1275 3553 ut
1334 3494 1502 3566 cujus
1561 3494 2013 3567 portiunculam,
2066 3495 2349 3569 Martyris
2396 3500 2635 3556 nomine

529 3586 745 3653 spret0,
795 3585 1131 3652 negaverat,
1174 3585 1524 3653 procurante
1568 3579 1801 3645 Sanct0,
1846 3597 1962 3637 non
2001 3580 2190 3639 solum
2237 3600 2460 3655 pauper
2504 3585 2626 3652 ille,

533 3665 636 3723 sed
678 3670 740 3725 et
777 3664 880 3721 alii
916 3664 1092 3723 multi
1128 3681 1259 3721 cum
1283 3681 1390 3729 eo,
1417 3664 1547 3721 fixis
1590 3666 1653 3719 in
1694 3670 1914 3721 terram
1961 3665 2229 3737 genibus,
2259 3669 2633 3736 sufficienter,

530 3749 692 3809 nullo
761 3748 1125 3822 prohibente,
1195 3754 1485 3822 potarent.
1570 3749 1867 3822 Repressa
1914 3750 2122 3822 igitur,
2142 3798 2153 3807 .
2175 3751 2440 3825 Martyre
2499 3773 2630 3827 pro-

532 3838 790 3900 curante,
839 3851 1255 3907 perversorum
1301 3834 1586 3906 nequitia,
1639 3834 1874 3892 devotio
1915 3835 2178 3891 fidelium
2215 3837 2427 3908 recipit
2474 3838 2633 3909 quod

531 3924 808 3979 meretur.
899 3918 1058 3977 Nam
1118 3917 1307 3977 tribus
1372 3918 1683 3984 continuis,
1736 3937 1868 3992 quae
1930 3921 2339 3993 sequebantur,
2403 3922 2629 3988 diebus,

532 4005 734 4058 decem
780 4003 1088 4075 utriusque
1138 4021 1311 4059 sexus
1359 4004 1624 4060 homines
1674 4022 1710 4059 a
1745 4003 1996 4060 diversis
2044 4004 2503 4072 infirmitatibuS‚
2555 4009 2629 4063 ad

530 4087 766 4145 laudem
791 4086 904 4143 Dei
929 4094 990 4143 et
1028 4088 1198 4149 Beati
1222 4088 1522 4160 Martyris,
1564 4094 1912 4162 receperunt
1950 4090 2259 4163 pristinam
2299 4092 2622 4149 sanitatem.

746 4225 1005 4280 Iuventio
1040 4224 1239 4283 Soencti
1272 4226 1618 4300 Amphibazi.
1659 4244 1788 4281 cum
1820 4245 2012 4281 ‘novem
2048 4227 2215 4281 sociis
2253 4229 2396 4282 suis.

605 4335 976 4392 Clarescente
1011 4335 1247 4391 interim
1272 4336 1385 4399 die,
1428 4354 1603 4408 quam
1643 4336 1991 4395 Sanctorum
2028 4338 2296 4393 Iuventio
2331 4356 2627 4395 consecra·

531 4420 650 4491 bat,
688 4421 1039 4477 venerabilis
1063 4426 1247 4493 pater,
1279 4421 1481 4476 Simon
1503 4421 1720 4485 Abbas,
1760 4420 1953 4476 locum
1990 4422 2137 4476 adiit
2161 4423 2624 4493 sanctissimum;

536 4511 597 4560 et
639 4504 944 4560 celebratis
991 4507 1054 4560 in
1102 4505 1342 4577 Capella
1392 4506 1592 4561 Sancti
1634 4504 1860 4567 «Iacchi,
1907 4507 2032 4561 loco
2081 4507 2172 4562 illi
2224 4509 2514 4580 contigua,
2566 4506 2633 4566 in'

532 4591 960 4645 venerationem
998 4591 1166 4646 Beati
1191 4590 1473 4660 Martyris
1497 4589 1731 4654 Albani,
1772 4596 1985 4645 nostrai
2020 4592 2436 4664 redemptionis
2471 4614 2626 4668 mys·

542 4714 1152 4725 μμ·-
1169 4716 1180 4719 -
1245 4715 1308 4721 --ae
1375 4716 1386 4719 -
1489 4715 1506 4721 -
1527 4715 1544 4721 ο
1575 4716 1610 4723 σ-
1633 4714 1757 4721 -τ-η--Φ
1788 4717 1805 4720 k
1824 4716 1945 4721 *—-
1966 4716 2079 4723 *—

606 4789 618 4820 ¹
644 4788 898 4856 Martyria
959 4790 1012 4840 in
1045 4790 1345 4851 Weudover,
1385 4789 1519 4842 Flor.
1693 4790 1715 4821 2
1736 4790 1857 4839 celia
1876 4790 2069 4855 plenum
2090 4793 2139 4843 in
2163 4792 2301 4845 Flor.
2324 4793 2460 4848 Hise.

536 4862 672 4915 Hist.
1692 4869 1714 4903 ³
1735 4869 1921 4933 quidem
1943 4871 1998 4923 iu
2020 4871 2209 4925 wat-²·
2232 4882 2354 4929 text.
