3450 5717
1060 814 1483 868 momsmnn
1528 816 1776 868 SANOTI
1820 815 2093 869 Asnam.
2488 806 2617 870 209

524 1005 562 1034 “
607 1000 825 1067 Horas
874 1001 968 1067 sic
1015 1006 1360 1088 temperet,
1409 1022 1495 1067 n‘e
1548 1001 1790 1088 aliquis
1857 1024 2081 1069 eorum
2139 1001 2347 1089 ipsius
2406 1001 2616 1090 negli-
2707 1003 2905 1066 Warin,

521 1107 559 1136 “
600 1104 833 1190 gentia
907 1104 1361 1182 contristetur,
1393 1122 1403 1137 ·
1438 1110 1519 1170 ut
1587 1105 1674 1169 ad
1742 1104 2045 1170 Missam·
2085 1103 2403 1190 Majorem
2464 1127 2614 1171 cum
2706 1070 2899 1195 ξξζξῐ,

525 1210 560 1240 “
605 1207 784 1271 omni
813 1206 1165 1293 gravitate,
1195 1207 1440 1292 absque
1469 1206 1790 1285 molestia,
1842 1207 2043 1275 simul
2103 1229 2328 1273 omnes
2380 1229 2615 1273 conve·
2678 1203 2905 1319 11ἓὲῙὲῥό

523 1315 560 1342 “
604 1308 747 1375 nire
795 1307 1153 1397 ¹possent;
1197 1309 1272 1374 in
1302 1307 1540 1396 hyeme
1570 1308 1747 1374 enim
1776 1308 2080 1375 volumus
2107 1314 2189 1375 ut
2218 1309 2305 1375 ad
2344 1309 2613 1375 Missam
2735 1364 2870 1376 ...-
2909 1308 2922 1321 ’

522 1418 555 1444 “
599 1410 911 1498 majorem
980 1410 1177 1477 simul
1239 1432 1466 1477 omnes
1527 1412 1943 1492 conveniant,
1991 1417 2061 1478 et
2106 1412 2223 1499 qui
2268 1412 2438 1478 vitio
2497 1434 2616 1478 suo

520 1518 557 1546 “
604 1512 832 1593 deerit,
885 1514 1061 1580 solus
1109 1514 1435 1580 sustineat
1488 1514 1663 1600 quod
1711 1515 2047 1596 meruerit,
2096 1520 2167 1581 et
2210 1514 2472 1580 innoxii
2501 1515 2615 1580 ab·

523 1622 560 1650 “
604 1616 962 1683 solvantur.
1056 1615 1142 1682 In
1174 1616 1695 1704 Quadragesima
1740 1638 1948 1703 usque
1997 1618 2084 1682 ad
2131 1617 2198 1682 N
2202 1639 2397 1684 onam
2448 1617 2619 1703 jeju-

520 1723 557 1752 “
601 1740 759 1785 nare
788 1719 1105 1798 solebant,
1156 1724 1226 1784 et
1277 1720 1364 1784 ad
1417 1719 1688 1784 Missam
1720 1719 2037 1806 majorem
2067 1719 2290 1786 cibum
2320 1741 2573 1786 sumere
2600 1745 2617 1803 ;

521 1826 556 1855 “
600 1830 752 1908 post
793 1822 1082 1904 Missam,
1111 1821 1199 1887 ad
1228 1821 1554 1908 Vesperas
1596 1822 1778 1887 soliti
1824 1827 2018 1888 erant
2057 1823 2420 1889 convenire.
2485 1821 2614 1888 Sed

520 1930 558 1957 “
602 1924 757 2010 quia
814 1926 1053 2012 saepius
1099 1924 1411 2009 conqueri
1448 1924 1770 2003 solebant,
1818 1930 2090 2012 propter
2149 1925 2329 1991 horae
2394 1925 2617 1991 brevi-

520 2032 554 2061 “
599 2031 824 2104 tatem,
873 2027 1030 2114 quia
1068 2026 1534 2113 jejunantibus
1584 2026 1787 2093 breve
1833 2033 1977 2092 erat
2004 2027 2313 2115 spatium,
2343 2048 2464 2093 nos
2492 2028 2619 2093 itae

523 2135 561 2164 “
605 2151 751 2215 que,
788 2129 1274 2195 considerantes
1324 2129 1728 2196 brevitatem
1769 2129 1988 2216 spatii,
2022 2131 2299 2217 pietatis
2335 2131 2614 2211 intuitu,

519 2237 558 2266 “
602 2229 1015 2314 indulsimus,
1087 2237 1167 2297 ut
1214 2231 1301 2297 ab
1366 2230 1490 2297 hac
1541 2230 1728 2297 Hora
1784 2233 2165 2319 vespertina
2221 2253 2475 2318 semper
2519 2253 2619 2296 re·

520 2340 561 2369 “
605 2338 939 2422 maneant,
994 2334 1171 2402 Cura
1216 2355 1368 2400 cum
1417 2333 1580 2421 ipsis
1632 2339 2054 2415 remanente3
2108 2334 2222 2421 qui
2260 2356 2410 2400 cum
2456 2335 2618 2421 ipsis

520 2445 554 2473 “
599 2437 972 2518 manducet,
1019 2442 1088 2503 et
1133 2459 1282 2503 cum
1325 2437 1486 2524 ipsis
1528 2442 1883 2503 remaneat.

612 2545 649 2576 “
691 2539 1090 2606 Abstinente
1144 2544 1479 2607 conventu
1542 2540 1629 2605 ab
1700 2561 1816 2606 esu
1889 2540 2187 2626 piscium,
2241 2538 2435 2618 Cura,
2501 2538 2619 2625 qui

520 2650 554 2678 “
599 2663 748 2707 cum
816 2642 1096 2709 minutis
1155 2642 1526 2723 comederit,
1590 2642 1676 2707 ab
1737 2642 2143 2709 abstinentia
2216 2641 2619 2720 absolvatur,

520 2752 558 2781 “
603 2744 1073 2830 licentiamque
1142 2744 1388 2810 habeat
1440 2744 1827 2811 comedendi
1885 2743 2200 2831 quicquid
2263 2744 2324 2809 ei
2390 2744 2617 2810 Domi-

520 2856 558 2884 “
602 2870 729 2913 nus
818 2847 1182 2914 donaverit.
1349 2846 1510 2914 Post
1598 2845 2040 2925 refectionem,
2117 2845 2198 2911 de
2277 2845 2619 2912 refectorio

522 2956 563 2987 “
607 2949 839 3015 statim
911 2954 1198 3029 exeant3
1297 2949 1542 3035 quibus
1623 2949 1915 3036 egressiS,
1980 2948 2064 3014 ad
2140 2947 2619 3013 Monasterium

519 3061 557 3089 “
602 3053 960 3133 divertant,
994 3051 1212 3138 quoad
1256 3057 1623 3139 conventus
1670 3051 1745 3116 in
1793 3050 2139 3118 refectorio
2182 3051 2620 3138 introgressus

520 3161 558 3192 “
601 3155 821 3222 fuerit.
939 3153 1526 3221 Discumbentibus
1571 3153 1723 3235 illis,
1786 3154 2102 3241 sanguine
2132 3153 2379 3218 minuti
2422 3153 2617 3218 licen—

518 3264 562 3295 “
602 3258 770 3323 tiam
818 3258 1110 3323 habeant
1155 3257 1494 3345 hospitum
1553 3256 1817 3344 ingredi
1890 3256 2324 3335 locutorium3
2398 3255 2623 3340 ibique

519 3367 562 3398 “
605 3361 991 3446 loquantur,
1022 3359 1241 3446 quoad
1288 3365 1658 3425 conventus
1705 3358 1789 3424 ad
1852 3379 2148 3424 mensam
2200 3357 2621 3423 discubuerit.

518 3472 558 3500 “
605 3461 800 3543 Quod
847 3461 904 3528 si
951 3462 1191 3549 aliquis
1251 3483 1491 3537 eorum,
1541 3462 1757 3548 quoad
1817 3460 2190 3547 cymbalum
2243 3482 2621 3548 percussum

517 3572 558 3603 ‘⁶
602 3564 825 3644 fuerit,
865 3564 940 3629 in
975 3564 1320 3631 refectorio
1358 3564 1766 3641 remanserit,
1806 3564 2201 3629 locutorium
2245 3584 2393 3628 cum
2431 3567 2619 3628 caete-

519 3679 554 3706 “
596 3668 690 3735 ris
741 3690 878 3735 non
929 3665 1367 3756 ingrediatur,
1426 3667 1544 3735 sed
1597 3668 1775 3734 solus
1821 3667 1894 3732 in
1942 3667 2206 3733 ecclesia
2263 3672 2618 3747 remaneat,

515 3779 556 3810 “
598 3771 1072 3856 silentiumque
1124 3774 1354 3836 teneat
1400 3770 1562 3835 dum
1611 3770 1831 3837 caeteri
1879 3771 2250 3856 loquentur.
2344 3767 2434 3834 Et
2504 3768 2619 3854 qui

455 3926 464 3937 .
516 3884 552 3910 “
595 3873 842 3939 abusus
884 3872 1089 3955 fuerit
1131 3871 1553 3959 indulgentia
1612 3872 1742 3938 sibi
1800 3893 2120 3951 concessa,
2170 3869 2621 3958 improbitatis

519 3983 560 4016 “
606 3998 745 4043 suae
795 3975 972 4041 solus
1020 3975 1348 4041 sustineat
1393 3996 1679 4063 pennam,
1727 3974 2021 4041 innoxiis
2068 3959 2443 4040 absolutis.”

980 4174 1264 4243 Statum
1302 4172 1601 4260 ejusdmn
1634 4194 1769 4260 pro
1812 4173 1862 4238 I
1856 4171 2150 4260 nfiwnis.

602 4324 641 4353 “
672 4316 863 4383 Inter
911 4321 1151 4384 caetera
1193 4337 1344 4403 quae
1391 4314 1788 4382 venerabilis
1830 4318 2036 4402 pater,
2108 4311 2433 4378 Dominus
2487 4311 2618 4378 Ga·
2640 4331 2855 4382 Endow.

513 4425 554 4457 “
597 4420 787 4486 rinus
815 4418 1062 4497 Abbas,
1102 4418 1380 4507 provida
1421 4417 1907 4505 dispensatione
1947 4415 2261 4491 instituit,
2303 4414 2619 4481 iratribus
2639 4399 2948 4530 ζξῗζζξῗθ

514 4531 552 4557 “
593 4522 878 4588 infirmis
921 4522 1346 4610 compatiens,
1391 4518 1857 4587 misericordiae
1886 4539 2155 4583 manum
2186 4518 2502 4604 porrexit,
2531 4539 2615 4584 ne
2639 4533 2823 4585 Warin
2845 4531 2924 4582 for

1217 4751 1230 4780 ¹
1252 4748 1446 4815 possint
1465 4747 1519 4798 in
1539 4747 1650 4800 MS.
1673 4747 1810 4799 Nero
1828 4747 1894 4797 D.
1919 4744 1953 4797 i.

2302 4844 2348 4893 Ο
