3450 5717
1086 821 1517 872 Momsrnnu
1564 823 1812 873 sANcn
1857 824 2135 877 ALBANI.
2548 815 2676 878 103

549 1007 793 1093 degens
839 1006 945 1073 vel
986 1007 1307 1073 remotius
1350 1008 1408 1072 si
1429 1007 1604 1074 facto
1634 1008 1747 1074 vel
1776 1009 1977 1075 verbo
2020 1009 2242 1076 Deum
2271 1008 2670 1108 offendisset,
2741 1008 2997 1129 Gssffy’

551 1109 666 1175 illa
693 1131 813 1197 per
841 1109 1152 1197 spiritum
1181 1110 1256 1177 in
1282 1114 1614 1177 momento
1659 1118 2093 1200 cognosoeret.
2183 1114 2250 1178 N
2253 1134 2326 1180 ee
2353 1114 2654 1181 dissimu-
2764 1144 2956 1205 Abba,

545 1211 744 1291 labat,
790 1234 943 1281 cum
1006 1218 1274 1294 terrore,
1341 1218 1737 1301 praesentem
1797 1236 2091 1304 arguere,
2151 1216 2457 1302 quotiens
2520 1236 2668 1283 sen-
2735 1210 2981 1331 „aff-³36.

551 1315 762 1381 tiebat
804 1314 1141 1381 Abbatem
1186 1315 1554 1403 deliquisse.
2790 1372 2925 1387 ...-

713 1544 814 1611 De
859 1544 1089 1611 causis
1131 1550 1192 1610 et
1219 1542 1647 1630 fundatione
1690 1544 1954 1610 Domus
1999 1544 2080 1609 de
2123 1544 2203 1609 M
2200 1544 2487 1645 ark3ate.

643 1690 794 1755 Hiis
861 1694 931 1755 et
975 1689 1122 1755 aliis
1169 1688 1507 1755 miraculis
1563 1687 1795 1755 Abbas
1845 1688 2183 1769 incitatus,
2237 1689 2454 1754 locum
2517 1710 2657 1755 mo·
2692 1684 2933 1819 ἓξὲξ-εγ

549 1792 828 1857 nialium
880 1791 963 1857 de
1023 1791 1375 1892 Mark3ate
1435 1791 1815 1858 construxit
1871 1814 1914 1856 a
1973 1792 2444 1873 fundamentis,
2499 1791 2664 1859 dans
2692 1820 2874 1870 founds
2897 1836 2929 1870 a

553 1895 764 1961 eidem
814 1894 956 1960 loeo
1005 1894 1310 1960 redditus
1359 1900 1559 1982 atque
1608 1895 1892 1960 decimas
1940 1894 2016 1959 in
2046 1894 2323 1960 diversis
2366 1893 2544 1977 loeis,
2577 1895 2664 1960 ad
2691 1886 2943 2005 {uffiffl

550 1998 1098 2064 sustentationem
1146 1997 1521 2075 Christinae,
1585 2018 1724 2063 suae
1806 1996 2177 2076 dilectricis,
2239 2002 2308 2063 et
2365 2018 2662 2063 sororum
2689 2026 2820 2084 μὴ»,
2843 2020 2924 2072 for

548 2105 1089 2188 congregatarum
1164 2099 1430 2182 ibidem,
1491 2099 1579 2164 ad
1653 2097 2079 2165 militandum
2140 2098 2265 2164 sub
2326 2100 2659 2187 regimine,
2690 2086 2953 2205 ffigiflffrm

549 2202 996 2288 doctrinaque,
1027 2200 1421 2281 Christinae3
1484 2201 1787 2287 quamvis
1834 2201 2220 2267 Conventus
2266 2200 2496 2268 Sancti
2542 2202 2663 2269 Al-
2688 2220 2857 2271 fellov

549 2306 708 2372 bani
759 2329 880 2394 pro
930 2305 1179 2371 talibus
1227 2304 1530 2392 expensis
1578 2308 1647 2369 et
1693 2303 2159 2370 collationibus
2202 2310 2660 2373 murmuraret.
2690 2288 2940 2342 devoteoe.

555 2410 648 2474 Et
717 2430 866 2474 cum
940 2409 1135 2494 lapsu
1197 2406 1518 2494 temporis
1596 2406 1826 2471 eadem
1902 2405 2066 2471 cella
2132 2407 2523 2474 monialium
2586 2408 2668 2475 de

551 2511 898 2611 Mark3ate
916 2510 1089 2598 ignis
1119 2510 1431 2576 sensisset
1454 2514 1753 2575 extrema
1782 2508 2141 2595 dispendia,
2163 2510 2393 2575 Abbas
2420 2510 2662 2578 nihilo-

553 2614 773 2679 minus
805 2617 1024 2679 totam
1057 2612 1306 2693 oellam,
1338 2633 1486 2678 cum
1518 2610 1821 2677 domibus
1851 2610 2247 2693 necessariis,
2280 2614 2632 2701 reparavit.

639 2715 903 2783 Accidit
946 2715 1295 2797 Abbatem,
1339 2716 1415 2780 in
1459 2713 1852 2780 antelucano
1909 2713 2322 2800 vigilantem,
2369 2715 2445 2781 in
2486 2714 2656 2782 lecto
2686 2736 3001 2788 Miraeulous

551 2841 668 2885 suo
719 2818 960 2901 sedere,
1010 2821 1080 2884 et
1124 2817 1522 2905 quibusdam
1574 2814 1941 2903 profuturis
1984 2816 2371 2899 intendere3
2439 2822 2511 2884 et
2537 2819 2659 2885 oir-
2685 2819 2993 2923 ”ffffioe

551 2921 942 2987 eumduoens
1007 2919 1244 2998 oculos,
1312 2919 1489 2985 vidit
1563 2917 1914 2983 manifeste
1985 2917 2313 3006 virginem
2390 2918 2660 3001 Christi,
2683 2887 2793 2989 gna
2812 2946 2866 2988 to

553 3024 788 3111 (neque
828 3023 1006 3089 enim
1039 3027 1183 3089 erat
1210 3022 1593 3108 somnium,)'
1621 3043 1741 3087 suo
1772 3020 2186 3087 assistentem
2217 3022 2440 3109 capiti,
2472 3024 2662 3090 'velut
2684 3004 2863 3056 Abbot

551 3132 722 3193 esset
783 3126 1063 3192 sollicita
1117 3125 1408 3211 qualiter
1467 3123 1696 3189 Abbas
1746 3144 1817 3188 se
1869 3144 2025 3209 erga
2088 3122 2307 3188 Deum
2375 3124 2658 3193 haberet.
2680 3138 2737 3189 in
2759 3155 2791 3189 a
2806 3086 2990 3192 vinzn.

554 3230 752 3295 Mane
782 3228 973 3311 facto,
996 3228 1226 3294 Abbas
1256 3226 1536 3293 advocat
1560 3225 1893 3312 quandam
1915 3229 2262 3310 parentem
2285 3224 2660 3309 Christinae,

553 3331 893 3399 Laetitiam
922 3330 1207 3409 nomine,
1235 3328 1670 3418 profecturam
1695 3327 1785 3392 ad
1813 3326 2092 3413 virginis
2122 3327 2476 3409 heremum,
2531 3351 2664 3417 quo

551 3440 620 3500 et
682 3434 825 3521 ipsa
871 3431 1440 3499 sanctimonialem
1501 3429 1788 3497 ducebat
1829 3428 2064 3509 vitam,
2126 3433 2195 3493 et
2254 3427 2418 3495 dicit
2465 3431 2527 3495 ei
2556 3457 2663 3513 3—-

552 3544 590 3572 “
635 3536 836 3615 Vade,
895 3535 1101 3602 dicito
1166 3535 1427 3601 dileetae
1478 3531 1766 3598 dominae
1826 3551 2007 3610 meae,
2064 3529 2439 3611 Christinae,
2504 3534 2665 3619 quia

551 3649 590 3675 “
632 3638 979 3705 manifeste
1032 3637 1189 3704 novi
1235 3635 1753 3702 sollicitudinem
1815 3654 2003 3698 suam
2067 3653 2225 3719 erga
2276 3655 2400 3699 me.
2492 3635 2663 3703 Vere

552 3750 592 3778 “
637 3741 810 3806 enim
855 3738 1196 3828 vigilando
1244 3738 1386 3805 vidi
1436 3738 1614 3825 quod
1657 3736 1783 3801 hac
1828 3738 2023 3800 noete
2076 3756 2182 3799 me
2227 3734 2662 3805 visitaverit?

547 3843 1020 3930 Anuexuitque
1109 3841 1344 3920 locum,
1427 3846 1705 3926 tempus,
1789 3842 1859 3903 et
1938 3836 2213 3916 horam3
2281 3838 2662 3907 aestimabat

551 3947 728 4014 enim
755 3946 898 4012 haeo
930 3945 1335 4011 Christinam
1366 3943 1585 4010 latere.
1679 3939 2063 4005 Adveniens
2093 3939 2369 4005 Laetitia
2402 3940 2660 4026 injuno-

469 4110 478 4117 .
551 4057 695 4117 tum
755 4049 1147 4114 mandatum
1207 4046 1409 4134 eoepit
1466 4042 1821 4112 exsolvere.
1935 4041 2174 4127 Itaque
2233 4041 2320 4106 ad
2364 4043 2654 4129 primum

552 4153 828 4220 verbum
870 4172 1006 4216 non
1046 4149 1330 4237 amplius
1374 4146 1714 4235 respondit
1748 4143 2108 4223 Christina,
2128 4164 2512 4231 ,vocansque
2556 4168 2658 4212 so..

550 4278 759 4323 rorem
779 4252 1376 4341 Margaretam‚—“
1401 4248 1587 4329 Die,''
1618 4248 1735 4326 ait,
1769 4253 1807 4281 “
1828 4245 2144 4311 audiente
2175 4244 2465 4327 Loetitia,
2500 4248 2665 4335 quid

556 4369 593 4395 “
636 4381 758 4447 ego
818 4357 948 4421 tibi
996 4356 1144 4421 dixi
1203 4356 1417 4442 primo
1467 4351 1757 4420 diluculo
1804 4350 1887 4416 de
1948 4347 2274 4414 Abbate.''
2364 4349 2458 4417 Et
2504 4352 2666 4434 illa;

553 4469 679 4511 —-“
709 4458 976 4535 Dixisti,
1023 4457 1332 4540 Domina,
1361 4457 1540 4545 quod
1583 4455 1706 4519 hae
1736 4457 1931 4517 nocte
1973 4472 2095 4538 pro
2140 4455 2318 4516 oerto
2348 4452 2472 4518 tali
2523 4454 2666 4522 looo

554 4574 587 4601 “
635 4570 704 4630 et
733 4563 894 4627 hora
939 4561 1028 4626 ad
1059 4583 1208 4627 eum
1239 4559 1589 4626 visendum
1620 4555 1892 4624 veneris.
1984 4554 2076 4619 Et
2120 4552 2353 4618 dixisti
2382 4555 2666 4644 insuper,

557 4680 592 4705 “
641 4667 814 4754 quod
854 4665 910 4730 si
942 4665 1075 4730 tale
1107 4665 1268 4750 quid
1307 4665 1380 4729 in
1424 4668 1719 4748 tempore
1752 4656 1944 4723 Beati
1977 4655 2278 4744 Gregorii
2307 4659 2667 4741 accidisset,

553 4780 590 4809 “
638 4768 1019 4835 mandasset
1063 4767 1231 4832 illud
1280 4766 1628 4841 memoriae,
1677 4758 1987 4848 quamvis
2032 4780 2134 4824 res
2188 4782 2396 4848 parva
2443 4762 2551 4845 sit,
2598 4766 2671 4828 et
