3450 5717
864 794 994 859 506
1638 804 1997 857 APPENDn
2045 789 2161 877 (1)).

891 997 1248 1061 Sisseverne,
1302 1001 1362 1051 et
1406 994 1739 1051 Willelmus
1794 994 1866 1048 de
1918 992 2203 1059 Nortune,
2258 998 2458 1050 tenent
2509 994 2747 1050 feodum
2790 995 2967 1051 unius

892 1082 1140 1137 militis:
1206 1080 1277 1135 de
1330 1097 1443 1150 quo
1490 1078 1659 1134 feodo
1714 1076 2015 1134 Galfridus
2069 1077 2141 1132 de
2190 1076 2547 1134 Ghildewike
2604 1084 2767 1134 tenet
2821 1079 2969 1135 duas

881 1166 1050 1221 hidas
1087 1170 1148 1221 et
1182 1164 1503 1229 dimidiam,
1542 1162 1811 1234 Rogerus
1846 1161 1919 1217 de
1953 1160 2256 1218 Meridene
2302 1162 2447 1218 duas
2481 1161 2653 1218 hidas
2700 1168 2762 1219 et
2794 1162 2967 1218 dimi-

873 1251 1049 1315 diam,
1087 1248 1421 1305 Willelmus
1469 1247 1541 1302 de
1591 1247 1930 1302 Sisseverne
1966 1264 2143 1302 unam
2176 1245 2376 1302 hidam
2413 1253 2473 1302 et
2506 1245 2811 1303 dimidiam
2843 1247 2964 1303 vir-

871 1341 1087 1406 gatam,
1125 1333 1461 1391 Willelmus
1498 1333 1569 1387 de
1592 1331 1864 1387 Nortuna
1895 1348 2072 1386 unam
2106 1331 2306 1386 hidam
2341 1337 2402 1391 et
2432 1349 2614 1387 unam
2645 1330 2957 1404 virgatam.

877 1418 1250 1474 Baldewinus
1288 1418 1503 1473 Wacke
1556 1422 1716 1472 tenet
1770 1415 2004 1471 feodum
2053 1416 2228 1471 unius
2281 1415 2508 1480 militia,
2576 1415 2650 1470 de
2705 1416 2963 1488 quinque

878 1503 1036 1559 hidis
1062 1508 1121 1558 et
1145 1502 1421 1558 dimidia:
1461 1500 1533 1556 de
1571 1519 1686 1572 quo
1722 1499 1892 1555 feodo
1915 1499 2205 1555 Robertus
2241 1498 2557 1555 Taillebois
2593 1505 2754 1555 tenet
2785 1518 2963 1555 unam

875 1586 1074 1642 hidam
1125 1592 1185 1642 et
1234 1583 1554 1650 dimidiam,
1608 1580 1955 1656 Radulphus
2006 1580 2173 1639 Pirot
2219 1589 2443 1655 septem
2494 1583 2774 1657 virgatas,
2828 1580 2964 1640 Gal-

874 1670 1063 1727 fridus
1124 1669 1197 1725 de
1258 1668 1651 1725 Childewicke
1709 1684 1886 1723 unam
1960 1665 2179 1733 hidam,
2253 1662 2542 1723 Ricardus
2608 1664 2681 1722 de
2751 1664 2965 1725 Reines

876 1752 1181 1811 dimidiam
1241 1754 1458 1819 hidam,
1518 1748 2032 1825 Eleemosynarius
2091 1749 2163 1807 de
2227 1750 2439 1808 Sancto
2498 1749 2728 1808 Albano
2785 1770 2961 1808 unam

879 1839 1191 1911 virgatam,
1234 1837 1711 1894 Sanctimoniales
1737 1835 2039 1892 dimidiam
2071 1835 2287 1891 hidam.

948 2015 1114 2082 After
1155 2015 1192 2042 ‘⁸
1210 2013 1343 2070 Hoc
1384 2010 1581 2069 evenit
1604 2008 1701 2066 die
1726 2008 1928 2066 Sancti
1954 2008 2318 2076 Valentini‚'’
2337 2026 2487 2081 paqc
2509 2009 2636 2075 300,
2664 2010 2798 2067 limes
2818 2012 2875 2078 2,
2894 2013 2968 2079 3;

878 2099 969 2156 the
980 2094 1283 2172 followiny
1307 2097 1360 2152 is
1384 2095 1450 2151 bn
1473 2096 1561 2151 the
1587 2095 1815 2166 maryi‘n
1837 2096 1905 2165 of
1936 2095 2065 2152 MS.
2082 2094 2236 2150 Nero
2269 2094 2345 2150 D.
2387 2095 2429 2148 i.
2463 2094 2577 2165 sol.
2598 2095 2667 2150 62
2684 2114 2739 2151 a.
2762 2116 2777 2151 2

938 2186 1093 2241 Item
1152 2182 1270 2239 alia
1325 2181 1455 2238 vioe
1502 2179 1716 2236 cecidit
1775 2179 1994 2251 fulgur,
2049 2182 2307 2251 tempore
2365 2178 2653 2235 willelmi
2696 2179 2963 2247 Abbatis,

873 2286 1051 2341 super
1084 2268 1405 2324 claustrum
1433 2265 1606 2337 juxta
1627 2263 2021 2331 refectorium,
2061 2271 2139 2329 et,
2179 2267 2382 2335 aperto
2416 2262 2676 2335 plumbo,
2726 2282 2972 2322 accensa

865 2358 956 2409 est
988 2351 1264 2408 materies
1298 2350 1513 2421 lignea.

946 2504 1086 2562 This
1121 2498 1175 2558 is
1189 2496 1461 2574 followed
1495 2496 1565 2570 by
1588 2496 1677 2553 ibe
1699 2496 1874 2553 Pleas
1900 2492 2128 2552 between
2161 2495 2250 2551 the
2272 2494 2471 2553 Abbcts
2507 2494 2577 2569 of
2606 2496 2693 2556 St.
2730 2497 2971 2557 Alban’s

869 2591 989 2649 ancl
1038 2586 1422 2645 Westminster
1455 2604 1521 2640 as
1561 2588 1614 2640 to
1657 2582 1746 2638 the
1784 2582 1993 2638 Manm·
2040 2580 2109 2652 of
2145 2580 2482 2648 Alelenluzm,
2534 2582 2653 2639 and
2690 2582 2778 2640 the
2812 2584 2972 2657 final

872 2674 1251 2749 Composition
1301 2672 1538 2735 thenon,
1588 2669 1771 2724 which
1818 2668 1957 2723 have
2012 2666 2140 2723 been
2186 2667 2430 2722 &merted
2463 2666 2531 2723 im.
2576 2664 2723 2725 thm‘ae
2758 2688 2973 2744 proper

867 2763 1051 2835 place,
1093 2757 1276 2813 under
1299 2755 1467 2811 Abbot
1484 2754 1532 2810 J
1529 2754 1639 2810 olm
1658 2753 1723 2809 cle
1748 2751 2047 2824 Hertsorcl,
2074 2752 2138 2806 ‘Im
2176 2751 2307 2806 MS.
2334 2751 2622 2807 Claudius
2646 2753 2717 2808 E.
2744 2753 2826 2811 iv.
2874 2756 2977 2814 See

869 2863 966 2918 pp.
1006 2842 1255 2898 361-366
1279 2843 1426 2895 ante.
1506 2838 1680 2893 These
1702 2836 1878 2892 Pleas
1902 2854 2001 2892 arc
2027 2834 2158 2891 thus
2172 2832 2463 2907 followed,
2490 2835 2605 2908 sol.
2647 2835 2719 2890 62
2740 2838 2865 2894 b.—

1079 2981 1230 3037 Haec
1248 2979 1452 3035 charta
1484 2976 1663 3033 scribi
1698 2975 2003 3033 debuisset
2034 2976 2099 3030 in
2133 2975 2321 3047 gestis
2355 2976 2825 3048 sequentibus.—

1184 3114 1399 3172 Charta,
1423 3113 1489 3169 de
1532 3112 1820 3169 Warcnna
1853 3129 2111 3169 concessa
2144 3110 2348 3168 Abbati
2381 3110 2429 3168 J
2425 3110 2655 3170 ohanni.

937 3222 976 3248 “
992 3217 1308 3283 Hem-icus,
1346 3215 1462 3269 Dei
1496 3214 1707 3286 gratia,
1735 3212 2022 3268 Dominus
2058 3212 2377 3280 Hiberniae,
2419 3212 2555 3269 Dux
2593 3214 2969 3273 Nomanniae

872 3309 910 3335 “
951 3310 1012 3362 et
1058 3299 1451 3375 Aquitanniae,
1496 3298 1706 3354 Comes
1745 3296 2125 3369 Andegavise‚
2185 3297 2680 3371 Archiepiscopis,
2733 3301 2973 3374 Episco-

873 3394 911 3419 “
950 3389 1064 3462 pis,
1113 3384 1463 3449 Abbatibus,
1514 3380 1841 3446 Prioribus,
1894 3380 2240 3449 Comitibus‚
2293 3381 2643 3450 Baronibus,
2696 3383 2974 3443 Justicia-

870 3478 908 3505 “
946 3473 1074 3538 riis,
1111 3466 1591 3533 Vioecomitibus,
1619 3464 1980 3537 Praepositis,
2008 3466 2315 3533 ministriS,
2355 3473 2417 3523 et
2451 3468 2697 3525 onnibus
2734 3471 2973 3530 ballivis

870 3561 909 3588 “
948 3564 1009 3614 et
1048 3554 1320 3611 fidelibus
1360 3552 1504 3618 suis,
1552 3550 1820 3607 salutem-
1932 3549 2147 3607 Sciatis
2184 3569 2288 3606 nos
2327 3554 2703 3621 concessisse,
2744 3561 2805 3611 et
2857 3557 2971 3615 hac

869 3645 908 3671 “
947 3642 1151 3698 charta
1195 3642 1395 3694 nostra
1441 3634 1834 3699 confirmasse,
1880 3650 1991 3706 pro
2039 3635 2207 3691 nobis
2258 3640 2319 3691 et
2348 3635 2681 3695 haeredibus
2727 3642 2967 3709 nostris,

868 3730 907 3756 ‘⁶
946 3724 1177 3782 dilectis
1222 3721 1391 3779 nobis
1431 3720 1496 3775 in
1518 3720 1754 3776 Christo
1777 3719 1995 3775 Abbati
2033 3726 2094 3776 et
2131 3719 2456 3777 Conventui
2495 3723 2695 3780 Sancti
2728 3724 2967 3793 Albani,

870 3815 909 3841 “
949 3808 1106 3882 quod
1131 3807 1268 3880 ipsi,
1292 3810 1354 3862 et
1393 3820 1597 3860 eorum
1630 3820 1997 3860 successores
2038 3803 2101 3857 in
2133 3810 2500 3877 perpetuum,
2546 3806 2793 3865 habeant
2826 3809 2973 3866 libe-

868 3898 908 3925 “
945 3911 1074 3950 ram
1121 3905 1458 3949 warennam
1493 3888 1557 3943 in
1591 3887 1861 3943 omnibus
1900 3886 2206 3944 dominicis
2243 3888 2367 3944 suis
2402 3890 2600 3956 terris,
2638 3892 2973 3964 ubicunque

867 3984 906 4009 “
944 3977 1164 4035 fuerint
1220 3975 1306 4030 in!
1333 3971 1583 4044 Anglia3
1622 3971 1707 4027 ita
1766 3970 1923 4043 quod
1984 3971 2182 4028 nullus
2242 3973 2420 4030 intret
2464 3980 2655 4031 terras
2699 3977 2832 4033 illas
2891 3978 2970 4033 ad

867 4068 906 4095 “
944 4061 1270 4135 fugandum
1291 4058 1355 4113 in
1378 4056 1483 4122 eis,
1512 4055 1607 4113 vel
1644 4055 1719 4111 ad
1743 4054 1969 4127 aliquid
1991 4057 2338 4128 capiendum
2363 4058 2526 4130 quod.
2542 4058 2618 4116 ad
2639 4076 2969 4117 warennam

867 4153 907 4179 ‘⁶
944 4149 1253 4222 pertineat,
1300 4142 1424 4199 sine
1470 4139 1711 4197 licentia
1758 4146 1819 4196 et
1858 4141 2159 4197 voluntate
2207 4142 2395 4214 ipsius
2436 4143 2686 4201 Abbatis
2721 4153 2782 4202 et
2817 4146 2970 4202 Con-

868 4238 907 4263 “
944 4239 1176 4297 ventus,
1205 4234 1266 4286 et
1288 4240 1692 4284 successorum
1727 4243 1986 4290 suorum,
2028 4243 2205 4298 super
2241 4226 2676 4285 forisfacturam
2709 4236 2969 4286 nossa-am

866 4322 904 4347 ‘⁸
945 4318 1148 4375 decem
1192 4313 1497 4371 librarum.
1590 4309 1783 4380 Quare
1831 4310 2102 4366 volumus
2163 4315 2224 4367 et
2269 4310 2515 4367 firmiter
2568 4315 2965 4386 proecipimus,

849 4406 911 4445 -“
947 4418 1057 4475 pro
1101 4399 1273 4456 nobis
1331 4403 1394 4454 et
1448 4394 1783 4452 boeredibus
1838 4394 2076 4460 nostris,
2142 4395 2300 4467 quod
2346 4395 2614 4467 praedicti
2659 4397 2861 4455 Abbas
2908 4406 2972 4456 et

866 4488 906 4515 ‘⁶
946 4485 1300 4550 Conventus,
1363 4487 1424 4538 et
1482 4498 1684 4537 eorum
1745 4496 2110 4537 successores
2170 4480 2233 4535 in
2290 4484 2658 4552 perpetuum,
2718 4481 2972 4540 habeant

877 4573 916 4599 “
955 4570 1203 4626 liberam
1237 4584 1568 4625 warennam
1600 4566 1667 4622 in
1700 4564 1968 4621 omnibus
1993 4563 2299 4621 dominicis
2332 4565 2508 4621 terris
2546 4567 2690 4633 suis,
2727 4567 2973 4624 ubicun-

866 4657 902 4684 “
943 4671 1056 4727 que
1105 4653 1324 4708 fuerint
1369 4652 1431 4706 in
1489 4649 1727 4723 Anglia,
1778 4650 1863 4704 ita
1904 4648 2059 4721 quod
2111 4648 2307 4704 nullus
2353 4649 2538 4706 intret
2586 4656 2774 4707 terras
2831 4652 2970 4709 illas

872 4742 909 4768 “
947 4736 1022 4795 ad
1067 4733 1390 4807 fugandum
1451 4734 1513 4791 in
1560 4732 1664 4800 eis,
1715 4730 1813 4791 vel
1872 4731 1945 4789 ad
1993 4731 2215 4805 aliquid
2260 4730 2626 4805 capiendum,
2679 4735 2833 4809 quod
2891 4737 2965 4795 ad
