3450 5717
1104 872 1528 923 Moxxsrssau
1576 876 1817 924 saxum
1872 878 2141 926 ALBAM.
2544 860 2673 924 117

567 1057 976 1146 Potaegrave,
1009 1081 1126 1144 pro
1151 1061 1446 1127 servitio
1496 1062 1754 1127 dimidii
1799 1063 2048 1137 militis,
2098 1061 2274 1147 quod
2320 1061 2672 1148 praedictus
2756 1083 2962 1147 Robert,

567 1158 934 1225 Willelmus
965 1160 1377 1227 Camerarius
1406 1163 1585 1249 patri
1635 1186 1753 1229 suo
1798 1164 1952 1229 inde
1995 1164 2207 1229 facere
2252 1164 2549 1243 solebat3
2592 1185 2669 1228 eo
2753 1151 2909 1267 ἐξὲξ

565 1268 806 1339 tenore,
869 1264 1046 1348 quod
1090 1286 1259 1329 uxor
1310 1264 1602 1359 ejusdem
1658 1265 1979 1332 Willelmi
2040 1288 2265 1332 omnes
2325 1272 2535 1331 terras
2581 1266 2667 1331 ad
2778 1224 2945 1333 A.D.t’

564 1363 783 1429 dotem
813 1366 1019 1451 ipsius
1049 1367 1454 1452 pertinentes
1483 1372 1629 1433 tota
1657 1368 1803 1433 vita
1831 1390 1951 1434 sua
1980 1374 2237 1433 teneret
2267 1367 2348 1433 de
2379 1367 2670 1433 Ecclesia
2735 1355 2979 1456 ῙῙξ-ζθθ·

565 1467 790 1532 Sancti
841 1467 1105 1546 Albani,
1152 1470 1497 1535 servitium
1552 1470 1850 1536 faciendo
1896 1471 2095 1536 dictae
2142 1470 2445 1547 ecclesiae,
2490 1471 2666 1556 quod

563 1569 716 1633 inde
745 1569 872 1635 sibi
917 1571 1136 1636 fuerat
1165 1572 1463 1637 factura:
1517 1571 1534 1609 ¹
1564 1571 1686 1639 hoc
1714 1572 2044 1659 adjiciens,
2080 1579 2176 1652 ut,
2220 1596 2298 1638 ea
2333 1573 2660 1652 defuncta,

563 1672 851 1738 Ecclesia.
897 1674 1124 1739 Sancti
1171 1674 1419 1739 Albani
1471 1680 1690 1740 totum
1735 1676 2001 1742 feodum
2048 1698 2165 1763 per
2218 1677 2470 1742 dictum
2532 1698 2661 1741 ser-

563 1774 801 1839 vitium
862 1775 934 1839 in
995 1799 1200 1841 manu
1262 1777 1524 1864 propria
1597 1784 1869 1844 teneret.
2006 1778 2225 1859 Porro,
2287 1801 2405 1866 pro
2468 1779 2664 1864 hujus

561 1882 750 1943 terrae
797 1881 1223 1961 concessione,
1275 1880 1503 1945 Abbas
1549 1881 1880 1946 Robertus
1926 1882 2116 1948 dedit
2160 1881 2371 1947 eidem
2419 1881 2661 1947 Comiti

558 1983 898 2067 octoginta
938 2005 1203 2048 marcas.
1293 1983 1558 2069 Adjecit
1590 1984 1791 2048 etiam
1822 1984 1998 2049 idem
2040 1984 2289 2063 Comes
2323 1990 2391 2049 et
2420 1984 2663 2069 scripto

558 2104 678 2147 suo
735 2085 976 2163 sanxit,
1025 2091 1354 2171 quatenus
1421 2085 1620 2171 hujus
1661 2086 2036 2151 donationis
2080 2087 2395 2152 adversus
2440 2108 2663 2150 omnes

559 2185 855 2250 defensor
920 2209 1058 2252 esse
1120 2188 1401 2253 deberet
1524 2188 1597 2252 Si
1641 2192 1885 2265 autem,
1953 2188 2107 2274 jure
2176 2187 2454 2273 alicujus
2497 2209 2662 2275 prae-

559 2288 838 2367 valente‚
871 2289 1122 2355 dictum
1169 2290 1430 2354 feodum
1463 2290 1748 2356 ecclesiae
1795 2289 2131 2356 defensare
2175 2290 2496 2376 nequiret,
2541 2295 2661 2355 aut

560 2389 642 2454 de
687 2413 762 2455 eo
794 2392 908 2477 qui
957 2392 1125 2458 illud
1168 2393 1354 2478 juste
1407 2392 1803 2478 adquisisset
1857 2393 2081 2457 eodem
2115 2393 2386 2457 servitio
2433 2398 2659 2458 tenen-

559 2492 714 2556 dum
792 2495 996 2574 daret,
1074 2502 1194 2560 aut
1261 2495 1601 2579 octoginta
1675 2516 1943 2573 marcas,
1990 2517 2153 2579 quas
2227 2495 2311 2559 ab
2372 2482 2661 2561 Ecclesia

561 2596 786 2661 Sancti
838 2596 1084 2662 Albani
1147 2620 1263 2685 pro
1327 2597 1437 2661 illo
1497 2597 1688 2661 feodo
1750 2598 2053 2684 suscepit,
2108 2598 2320 2663 eidem
2375 2598 2658 2664 ecclesiae

560 2699 950 2765 restitueret.

650 2800 740 2866 Et
767 2803 1122 2877 sciendum,
1155 2803 1330 2887 quod
1379 2804 1594 2868 dictus
1624 2802 1854 2868 Abbas
1887 2802 2233 2879 RobertuS,
2267 2808 2408 2866 tam
2460 2802 2658 2888 Regis
2687 2817 2796 2868 The
2820 2819 2994 2871 wido*

559 2912 626 2970 et
672 2905 963 2981 Comitis
1015 2927 1215 2990 quam
1262 2905 1626 2970 multorum
1671 2911 2080 2992 magnatum,
2126 2904 2429 2992 precibus
2474 2906 2657 2970 incli-
2685 2884 2984 3003 fflffifflffl

477 3034 489 3045 ·
561 3013 772 3087 natuS,
831 3008 1125 3095 praefatae
1201 3009 1463 3073 mulieri
1523 3030 1659 3073 non
1704 3008 1917 3073 solum
1980 3015 2225 3074 terram
2287 3008 2373 3072 ad
2435 3008 2659 3074 dotem
2683 3017 2785 3067 lain
2805 3020 2981 3085 enjoys

557 3111 760 3198 ipsius
806 3111 1262 3198 pertinentem,
1307 3111 1507 3175 immo
1561 3112 1763 3177 etiam
1810 3118 2053 3177 terram
2103 3133 2301 3197 quam
2355 3112 2461 3176 vir
2518 3111 2660 3197 ejus
2684 3086 2970 3204 flag-rgo&

559 3219 882 3293 tenuerat,
914 3219 1180 3278 tantum
1227 3214 1298 3277 in
1328 3214 1473 3278 vita
1516 3235 1638 3278 sua
1691 3213 1773 3278 de
1806 3213 2097 3279 Ecclesia
2129 3213 2360 3279 Sancti
2390 3214 2654 3291 Albani,
2683 3216 2735 3266 in
2752 3217 2837 3268 the
2860 3219 2991 3272 land.

554 3338 672 3402 pro
700 3316 1016 3403 praedicto
1046 3315 1316 3380 servitio
1346 3314 1605 3380 dimidii
1636 3314 1870 3381 militis
1895 3315 2263 3394 tenendam,
2295 3315 2612 3381 concessit
2637 3340 2654 3396 ;

559 3441 706 3483 cum
750 3418 911 3505 ipsa,
940 3439 1056 3483 seu
1085 3417 1191 3481 vir
1235 3417 1392 3503 ejuS,
1425 3417 1589 3482 nihil
1614 3417 1786 3503 juris
1833 3418 1905 3482 in
1937 3418 2096 3504 ipsa,
2127 3423 2206 3483 ut
2246 3417 2497 3484 dictum
2542 3424 2658 3498 est,

559 3516 586 3557 ²
606 3520 678 3584 in
722 3542 800 3585 ea
844 3519 1186 3585 habuerat.

646 3622 863 3699 Porr0,
940 3622 1163 3708 paucis
1222 3621 1507 3687 evolutis
1565 3621 1813 3697 diebus
1876 3621 2034 3707 quia
2078 3621 2305 3689 eadem
2364 3627 2543 3687 terra
2587 3623 2657 3690 in
2684 3642 2795 3695 The
2817 3643 2935 3695 land

557 3725 840 3789 officium
899 3723 1158 3789 servitii
1232 3723 1559 3803 militaris,
1623 3730 1702 3789 ut
1777 3724 2018 3810 saepius
2083 3723 2474 3811 praedictum
2537 3730 2654 3805 est,
2683 3709 2725 3759 ³⁸
2746 3709 2844 3761 ‘¹³⁸'

556 3827 818 3892 redacta
878 3831 1037 3903 erat,
1105 3824 1279 3889 idem
1341 3823 1577 3890 Comes
1637 3825 1717 3891 de
1781 3825 2154 3903 Glovernia,
2217 3826 2496 3912 acceptis
2570 3828 2654 3893 ab
2682 3776 2907 3894 iffi
2919 3779 2992 3895 ¹3*

555 3929 818 3995 Abbate
847 3927 1139 3993 Roberto
1181 3927 1463 4013 triginta
1491 3927 1743 4004 marcis,
1790 3926 1944 3992 huic
1988 3926 2273 3993 ecclesiae
2302 3927 2654 4014 praefatum
2682 3910 2977 4029 (ξοῑῑῖθθῒξΐ

553 4032 896 4097 servitium
944 4030 1200 4096 dimidii
1245 4029 1476 4094 militis
1520 4052 1604 4094 ex
1648 4036 1794 4096 toto
1857 4030 2154 4110 remisit3
2227 4029 2654 4118 chartamque
2680 3977 2924 4096 kassffh
2949 4009 2969 4022 ⁰

555 4157 758 4211 suam,
788 4139 928 4198 tam
959 4134 1041 4198 de
1087 4131 1403 4220 praedicta
1433 4132 1716 4211 ecclesia,
1767 4156 1964 4219 quam
2011 4134 2091 4199 de
2143 4137 2325 4198 terra
2374 4134 2461 4198 ad
2508 4156 2653 4200 eam

554 4238 940 4324 pertinente,
1005 4257 1199 4323 super
1272 4234 1480 4300 altare
1554 4236 1750 4300 Beati
1830 4236 2080 4300 Albani
2162 4240 2539 4301 reverenter
2581 4259 2656 4302 ac

554 4338 932 4405 solemniter
992 4336 1252 4403 obtulit.
1365 4336 1620 4402 Deinde
1693 4336 2084 4424 saepedictus
2134 4337 2376 4415 Abbas,
2436 4339 2655 4405 nullas
2681 4340 2735 4392 A
2757 4345 2939 4422 θροῦς·

555 4464 770 4507 moras
829 4447 1205 4518 annectenS,
1280 4438 1849 4504 confirmationem
1924 4439 2123 4526 Regis
2177 4438 2497 4528 Stephani
2572 4442 2655 4509 de
2679 4417 2933 4540 3222?

555 4545 780 4609 eadem
827 4544 1110 4622 ecclesia,
1158 4550 1227 4608 et
1286 4541 1592 4606 omnibus
1639 4541 1726 4605 ad
1786 4562 1929 4606 eam
1983 4542 2484 4628 pertinentibuS‚
2538 4567 2656 4631 per
2679 4542 2911 4673 ἓξὲξ

626 4774 766 4824 'leoec
789 4774 840 4824 in
865 4775 1048 4825 Wats's
1071 4780 1193 4825 text.
1661 4772 1979 4837 Apparently
2051 4746 2375 4837 supeff'fluous⁹
2459 4774 2649 4839 though

622 4857 642 4884 ²
665 4855 718 4903 ia
758 4868 816 4904 ea
863 4855 1072 4905 omitted
1109 4854 1162 4903 in
1201 4854 1384 4904 Wats's
1434 4861 1556 4905 text.
1656 4853 1812 4903 found
1836 4851 1888 4902 in
1906 4852 2028 4903 both
2053 4850 2203 4904 MSS.
