3450 5717
827 834 956 899 406
1586 843 1801 894 GESTA
1844 840 2170 893 ΑΒΒΑΤΠΜ

558 1061 746 1124 Roget,
833 1041 869 1064 “
911 1036 1168 1102 solvant3
1207 1035 1305 1091 vel
1329 1033 1383 1091 si
1407 1051 1611 1090 eorum
1638 1034 1949 1090 facultates
1985 1033 2063 1090 ad
2097 1031 2117 1066 ¹
2134 1032 2260 1088 haec
2297 1047 2414 1087 non
2448 1028 2755 1094 sufficiant,
2782 1032 2921 1084 tunc

589 1127 711 1176 24th
834 1127 870 1148 ‘⁴
910 1139 1116 1177 verum
1149 1120 1411 1176 valorem
1462 1125 1931 1176 tenementorum
1966 1118 2062 1176 vel
2115 1118 2422 1173 feodorum
2470 1116 2710 1171 illorum
2755 1113 2922 1169 nobis

556 1195 749 1254 ΛΜΝ,
836 1212 871 1234 “
912 1208 932 1239 2
952 1213 1011 1262 et
1044 1205 1376 1261 haeredibus
1400 1204 1615 1261 nostris
1643 1205 1946 1260 annuatim
1978 1203 2244 1267 reddant,
2273 1202 2347 1258 ad
2389 1200 2762 1257 Scaccarium
2794 1216 2925 1253 nos-

529 1260 756 1379 12261-3530
836 1296 872 1318 ‘⁶
912 1298 1089 1355 trum,
1128 1308 1234 1362 per
1256 1308 1458 1345 veram
1495 1296 1555 1346 et
1589 1289 2315 1358 rationabilemaextentam
2350 1285 2702 1347 eorundem3
2745 1282 2927 1338 donec

579 1422 714 1434 -..
758 1365 770 1376 ’
835 1380 870 1402 “
911 1375 983 1429 de
1020 1373 1359 1445 hujusmodi
1405 1374 1654 1446 pecunia
1701 1372 1905 1428 3nobis
1942 1372 2124 1427 fuerit
2157 1371 2539 1427 satisfactum.
2616 1368 2706 1423 De
2741 1366 2927 1422 nutri-

832 1465 869 1488 “
911 1460 1075 1515 cibus
1126 1460 1565 1531 ⁴parvulorum,
1621 1458 1962 1530 pistoribus,
2008 1455 2453 1521 braciatoribus,
2501 1459 2562 1509 et
2607 1452 2781 1518 cocis,
2822 1451 2928 1506 Ju-

830 1548 867 1572 “
908 1545 1187 1609 doeorum,
1231 1546 1372 1615 quia
1425 1543 1622 1599 Judaei
1672 1549 1735 1599 et
1786 1541 2108 1598 Christiani
2160 1541 2221 1596 in
2271 1541 2436 1597 cultu
2472 1537 2625 1594 ‘Dei
2661 1537 2928 1609 dispares

829 1633 865 1658 ‘⁴
908 1636 1060 1694 sunt,
1100 1627 1466 1701 providimus
1503 1634 1565 1684 et
1601 1627 1936 1693 statuimus,
1977 1626 2134 1699 quod
2167 1625 2366 1681 nullus
2404 1622 2793 1687 Christianus,
2833 1620 2931 1677 vel

829 1719 867 1742 “
908 1713 1259 1777 Christiana,
1291 1713 1376 1767 eis
1414 1713 1753 1768 ministrare
1789 1717 2109 1783 praesumat
2145 1710 2208 1765 in
2230 1708 2574 1765 ministeriis
2610 1704 2927 1779 praedictis.

830 1805 868 1826 ‘⁶
908 1800 986 1854 Et
1028 1799 1168 1870 quia
1207 1798 1247 1852 J
1249 1798 1404 1853 udaei
1443 1798 1727 1869 quosdam
1761 1797 2030 1853 redditus
2067 1795 2140 1850 dc
2177 1794 2352 1851 terris
2388 1794 2411 1825 ⁶
2432 1790 2542 1865 [et]
2582 1789 2932 1848 tenementis

833 1890 869 1911 ‘⁶
911 1883 1399 1949 Christianorum,
1426 1890 1707 1955 tanquam
1731 1885 2065 1955 perpetuos,
2094 1879 2316 1936 dudum
2342 1879 2606 1949 recipere
2629 1876 2652 1913 ⁷
2668 1875 2933 1932 solebant

834 1972 869 1993 ‘⁶
910 1984 1015 2038 per
1055 1984 1264 2023 manus
1308 1968 1797 2033 Christianorum,
1841 1967 1946 2039 qui
1986 1967 2166 2021 ctiam
2200 1963 2395 2034 ⁸„feodi
2431 1962 2794 2026 dicebantur,
2832 1978 2934 2015 vo-

835 2056 871 2077 ‘·
911 2051 1110 2108 lumus
1149 2059 1209 2108 et
1239 2052 1574 2119 statuimus,
1605 2053 1763 2125 quod
1790 2051 2090 2108 Statutum
2115 2057 2256 2106 tunc
2288 2047 2425 2104 inde
2448 2065 2557 2120 per
2580 2064 2687 2102 nos
2712 2047 2932 2101 factum

837 2140 873 2162 “
914 2137 1208 2193 firmitatis
1257 2136 1439 2194 robur
1489 2137 1766 2203 obtineat,
1823 2155 1932 2192 nec
1970 2136 2025 2191 ci
2074 2152 2181 2207 per
2214 2151 2475 2207 praesens
2515 2132 2814 2187 Statutum
2869 2129 2932 2184 in

838 2225 874 2247 ‘⁴
912 2219 1113 2294 aliquo
1152 2221 1487 2295 derogetur.
1563 2223 1643 2278 Et
1676 2223 1812 2277 ideo
1835 2220 2003 2277 vobis
2038 2218 2419 2292 praecipimus
2443 2217 2711 2281 firmiter,
2738 2216 2760 2248 ⁹
2778 2214 2936 2288 quod

837 2310 873 2333 “
914 2307 1305 2377 provisionem
1341 2308 1742 2373 ordinationiS‚
1771 2314 1833 2363 et
1870 2308 2170 2363 Statutum
2204 2304 2570 2377 praedictum,
2608 2320 2718 2374 per
2751 2306 2936 2357 totam

836 2398 871 2418 “
912 2391 1191 2447 ballivam
1247 2400 1509 2449 vestram
1562 2392 1801 2465 publice
1860 2389 2233 2463 proclamari,
2296 2394 2359 2444 et
2416 2387 2665 2444 firmiter
2723 2384 2934 2450 teneri,

836 2482 872 2504 ‘⁸
915 2476 953 2508 ¹⁰
975 2478 1224 2533 faciatis.
1326 2478 1401 2532 In
1442 2477 1613 2549 cujus
1663 2476 1754 2532 rei
1803 2475 2226 2540 testimonium,
2279 2474 2388 2529 has
2436 2473 2668 2528 litteras
2706 2478 2937 2527 nostras

836 2565 871 2587 ‘⁸
910 2568 1174 2632 patentes
1210 2560 1248 2594 ¹¹
1269 2558 1448 2633 [fieri]
1491 2563 1756 2619 fecimus.
1857 2561 2032 2616 Teste
2067 2561 2310 2631 meipsO,
2352 2558 2508 2631 apud
2541 2558 2939 2614 westmonas-

836 2649 871 2671 “
912 2646 1144 2712 terium,
1182 2646 1465 2703 vicesimo
1502 2648 1708 2720 quinto
1758 2646 1855 2703 die
1907 2645 2076 2714 Julii,
2134 2662 2285 2701 anno
2318 2644 2492 2716 regni
2543 2642 2733 2700 nostri
2771 2641 2939 2715 quin·

839 2732 875 2756 ‘⁶
917 2731 1261 2802 quagesimo
1298 2731 1563 2803 quinto.”

496 2886 770 2942 Referenoe
928 2860 1365 2942 Munimenta,
1451 2862 1733 2944 chartas,
1798 2859 2532 2950 quietas-clamatione&
2596 2860 2947 2927 confirma·

495 2957 692 3072 JPBtggk
714 3023 777 3073 of
837 2965 1053 3030 tiones
1098 2965 1314 3053 Regis,
1362 2970 1597 3047 status,
1659 2967 2163 3053 acquietancias,
2232 2964 2714 3046 conventiones,
2778 2963 2944 3029 feof-

498 3089 783 3155 chum-⁸32
838 3067 1115 3133 sationes
1160 3067 1242 3133 de
1286 3069 1580 3134 manerio
1626 3069 1708 3135 de
1757 3068 2152 3150 Offildmik,
2212 3067 2509 3134 invenies
2553 3068 2624 3132 in
2672 3066 2725 3105 ¹²
2743 3067 2946 3134 Libro

498 3156 711 3274 {15:3⁹⁸
840 3172 922 3238 de
970 3170 1253 3238 Ghartis.
1348 3171 1666 3238 Invenire
1727 3173 1978 3260 poterit
2038 3172 2243 3238 etiam
2294 3171 2391 3237 ibi
2439 3171 2642 3238 lector
2684 3171 2945 3258 sapiens

500 3306 559 3341 as
579 3299 633 3341 to
654 3260 739 3342 the
840 3275 1135 3341 ohaitam
1182 3280 1251 3340 et
1292 3275 2081 3362 quietam-clamationem
2127 3275 2396 3341 Ricardi
2440 3276 2522 3342 de
2566 3273 2946 3342 Ohildewik

501 3357 799 3480 ἕζίἲὲζνξίἱ
839 3378 1126 3443 Domino
1178 3378 1452 3466 Rogero,
1520 3380 1777 3446 Abbati
1853 3381 1933 3446 de
1995 3379 2239 3446 Sancto
2319 3379 2597 3456 AibanO,
2663 3382 2733 3444 et
2778 3378 2949 3465 ejus-

838 3481 988 3547 dem
1034 3480 1161 3546 loci
1210 3481 1604 3563 Conventui,
1657 3483 1740 3549 de
1785 3486 1931 3549 toto
1991 3483 2182 3548 bosco
2231 3482 2311 3549 de
2381 3480 2432 3518 ¹³
2457 3482 2709 3547 Graves
2754 3489 2948 3547 extra

836 3584 1067 3650 villam
1098 3584 1329 3651 Sancti
1373 3585 1624 3651 Albani
1653 3609 1671 3666 ;
1718 3586 1922 3652 etiam
1954 3584 2036 3652 de
2066 3584 2262 3651 feudo
2293 3585 2376 3650 de
2414 3580 2466 3621 ¹⁴
2484 3584 2551 3650 N
2554 3584 2790 3671 eubiry
2815 3609 2834 3666 ;
2875 3590 2948 3650 et

839 3688 921 3754 de
969 3708 1088 3753 sex
1137 3686 1425 3754 denariis
1491 3689 1699 3753 annui
1769 3689 2083 3768 redditus,
2142 3710 2303 3777 quos
2367 3689 2449 3755 de
2492 3688 2540 3755 J
2543 3689 2802 3754 ohanne
2863 3688 2948 3754 de

839 3790 1120 3868 Alswik,
1165 3795 1235 3855 et
1278 3790 1512 3879 tribus,
1542 3791 1721 3857 rodis
1775 3799 1969 3858 terrae
2023 3797 2094 3858 et
2130 3814 2266 3858 una
2321 3792 2487 3858 roda
2528 3791 2722 3871 bosci,
2770 3790 2948 3858 idem

841 3893 1165 3961 Ricardus
1222 3893 1508 3982 recipere
1559 3895 1919 3961 consuevit.

913 4147 930 4182 ¹
952 4148 1039 4200 hoc
1061 4164 1168 4210 non,
1189 4147 1394 4214 Rymer.
1944 4146 2302 4210 ordinationem,
2326 4152 2387 4211 et,
2408 4145 2614 4214 Rymer.
2687 4120 2692 4133 Ι

912 4228 934 4261 2
958 4228 1034 4279 vel
1052 4227 1340 4289 heredibus,
1360 4227 1564 4293 Rymer.
2012 4227 2053 4259 ¹⁰
2074 4235 2120 4278 et
2151 4227 2401 4279 observari
2414 4230 2651 4294 faciatis,
2671 4228 2881 4296 Bymer.

906 4308 931 4341 ⁸
950 4326 1036 4359 seu
1083 4306 1261 4359 catallo
1310 4306 1449 4358 nobis
1487 4306 1629 4373 plene
1662 4308 1850 4374 fierit,
2012 4306 2047 4339 ¹¹
2074 4308 2299 4361 Omitted
2318 4307 2373 4359 in
2393 4308 2505 4360 MS.

842 4388 1051 4455 Rymer.
2011 4388 2051 4421 ¹²
2073 4389 2198 4439 This
2250 4394 2279 4419 ‘⁶
2294 4389 2444 4440 Book
2471 4390 2534 4440 of
2562 4391 2797 4445 Chal-tem
2815 4392 2849 4418 '’
2897 4392 2960 4443 of

908 4469 929 4501 ⁴¹
953 4477 1113 4519 autem
1127 4469 1465 4534 parvulorum,
1489 4469 1696 4536 Rymer.
1944 4469 2019 4521 St.
2043 4469 2255 4520 Alban’s
2293 4468 2336 4519 is
2371 4469 2425 4519 in
2456 4471 2525 4521 au
2561 4473 2861 4540 probability
2884 4491 2955 4526 no

908 4551 930 4581 ⁵
941 4548 1072 4613 fidei
1093 4550 1331 4614 dispares,
1354 4549 1560 4616 Rymer.
1943 4549 2123 4616 longer
2143 4549 2199 4599 in
2221 4548 2492 4603 existence.

907 4629 929 4661 ⁸
952 4629 1175 4681 Omitted
1195 4630 1249 4679 in
1270 4632 1381 4683 MS.
2011 4628 2050 4661 ¹³
2079 4629 2243 4681 Gom
2271 4630 2322 4681 in
2343 4633 2454 4685 ΜΒ.

908 4708 931 4745 7
952 4706 1119 4771 solent,
1140 4709 1346 4774 Rymer.
2010 4711 2046 4741 ¹⁴
2070 4711 2197 4762 This
2218 4715 2359 4762 word
2391 4715 2437 4763 is
2472 4716 2701 4766 doubtful
2723 4736 2737 4777 ς
2773 4716 2816 4767 it
2835 4732 2958 4783 may

908 4789 931 4820 ³
940 4786 1118 4854 seoda,
1140 4788 1347 4853 Rymer.
1942 4790 2050 4843 also
2070 4793 2190 4843 read
2211 4794 2241 4821 ‘⁴
2270 4789 2532 4857 Venbiry.”

905 4871 927 4904 ⁹
952 4869 1266 4935 ayunyentae,
1320 4885 1413 4934 quo
1528 4872 1849 4936 provisiones,
