3450 5717
806 808 937 871 :348
1576 821 1790 869 essm
1832 820 2160 871 ABBATUM

494 1007 637 1060 John
656 1008 746 1074 11.,
810 1007 1128 1073 discretus
1189 1010 1258 1073 et
1310 1007 1475 1095 pius,
1553 1012 1621 1073 et
1679 1011 1938 1073 amator
2013 1006 2394 1095 religionis3
2472 1005 2591 1093 qui
2655 1006 2923 1093 quidem

528 1078 727 1207 ἒξζξῑ,
805 1116 1084 1177 noverat
1145 1111 1230 1176 ab
1283 1111 1561 1197 antiquo
1607 1132 1929 1198 expensas
1983 1132 2147 1197 quas
2192 1110 2482 1176 Ecclesia
2534 1109 2762 1176 Sancti
2808 1109 2925 1175 Al-
3031 1153 3034 1158 -

552 1209 688 1259 AD.
806 1215 965 1281 bani
1017 1235 1154 1280 non
1225 1214 1471 1280 desinit
1517 1236 1834 1301 erogare3
1919 1213 2098 1279 unde
2165 1214 2237 1279 in
2309 1213 2635 1301 petitione
2697 1218 2927 1280 nostra

498 1280 742 1382 mffsfo‘
794 1318 936 1405 jam
997 1321 1315 1404 porrecta,
1374 1317 1593 1403 ipsum
1637 1316 1900 1382 invenit
1944 1317 2209 1404 petitor,
2249 1317 2516 1383 sedulus
2564 1322 2634 1382 et
2693 1316 2921 1382 facun-

804 1422 942 1499 dus,
1011 1420 1399 1508 proniorem,
1462 1419 1753 1486 maxime
1824 1442 1975 1487 cum
2029 1423 2138 1486 tot
2195 1420 2530 1508 improbos
2587 1424 2658 1485 et
2701 1420 2923 1507 indig-

802 1546 923 1590 nos
981 1523 1108 1610 ipsi
1167 1522 1452 1588 ecelesiae
1505 1523 1781 1591 vidisset
1850 1522 2184 1589 inhiantes
2255 1522 2617 1609 Episcopus
2675 1544 2920 1588 memo-

463 1723 694 1774 william
715 1725 778 1774 ‘¹0
803 1632 1195 1816 malz-emus
1263 1736 1365 1797 est
1426 1732 1637 1818 igitur
1697 1729 1916 1794 dictus
1997 1728 2369 1794 Willelmus
2449 1751 2490 1793 a
2561 1727 2918 1814 saepedicto

460 1791 689 1920 {Ji-22¹2&
807 1833 1096 1899 Roberto
1142 1834 1226 1900 de
1273 1833 1640 1900 Sotindone
1683 1831 1944 1897 litteras
1977 1832 2120 1918 jam
2163 1831 2644 1919 resignatorias,
2698 1834 2778 1895 ut
2822 1832 2918 1896 sic

460 1924 633 2039 ξξὲθῗὸ
656 1924 766 2040 ἓξῃ
804 1937 1134 2024 ingressus
1162 1942 1420 2024 pateret
1437 1936 1704 2001 facilius
1784 1933 1963 2015 Quas
1987 1956 2136 2000 cum
2160 1934 2480 2021 Episcopo
2501 1932 2917 2020 porrexisset,

459 2006 657 2106 ,omnim
806 2039 1186 2127 Episcopus,
1234 2040 1332 2106 rei
1375 2039 1729 2104 veritatem
1795 2043 1868 2114 et
1934 2037 2425 2103 imminentium
2483 2037 2918 2125 perimlorum

460 2122 734 2240 {exn-‘²⁰
805 2140 1040 2206 videns
1073 2141 1475 2222 discrimina,
1518 2140 1735 2206 factus
1773 2145 1874 2205 est
1911 2139 2056 2225 jam
2105 2139 2187 2205 de
2230 2139 2516 2227 benigno
2555 2138 2915 2226 benignior.

464 2206 735 2319 done,gand
805 2244 1171 2310 Praedictus
1237 2245 1505 2331 insuper
1574 2242 1903 2309 Dominus
1956 2240 2348 2323 willelmus,
2401 2242 2629 2307 volens
2689 2241 2918 2306 futura

462 2322 720 2506 ἓξὲξ
804 2344 2915 2534 iznfflvzvtnpraeffize<meracam-

514 2472 595 2504 om
675 2472 704 2506 e
1096 2472 1119 2513 1
2155 2498 2170 2524 ι
2887 2487 2917 2499 ’

464 2521 775 2651 ἕίἶξξζξξᾶ
802 2473 958 2618 {3188
987 2472 1492 2638 llrgsigffitgss’iig
1554 2471 1817 2616 litfferas
1900 2549 2172 2615 Domini
2249 2469 2470 2638 Regi?
2529 2571 2648 2637 pro
2707 2550 2913 2637 ipsius

462 2655 640 2707 others.
803 2654 1077 2720 Domini
1128 2654 1448 2720 Willelmi
1502 2653 1774 2740 negotio
1819 2652 2332 2740 supplicatorias,
2381 2656 2449 2717 et
2490 2651 2784 2739 Reginae,
2842 2658 2913 2718 et

804 2756 1192 2850 Conventus
1240 2755 1469 2822 Sancti
1518 2755 1784 2834 Albani,
1833 2760 1904 2821 et
1954 2755 2162 2841 ipsius
2209 2755 2485 2821 Roberti
2538 2755 2618 2820 de
2690 2754 2915 2822 Sotiu-

800 2859 935 2924 don
980 2857 1288 2944 adeptae,
1343 2859 1665 2923 associato
1712 2857 1840 2923 sibi
1894 2856 2176 2923 Ricardo
2230 2858 2311 2924 de
2356 2858 2684 2944 Bynham,
2752 2863 2916 2924 tunc

797 2961 1022 3026 Priore
1068 2961 1151 3026 de
1199 2960 1577 3037 Thinemue,
1624 2964 1695 3025 et
1745 2980 1863 3046 per
1909 2961 2130 3025 omnia
2171 2959 2571 3026 sufficienter
2628 2961 2913 3028 instruc-

796 3071 924 3147 ωε,
989 3062 1258 3130 accessit
1324 3063 1410 3129 ad
1464 3062 1877 3150 Episcopum,
1951 3066 2019 3129 et
2080 3084 2343 3129 causam
2417 3064 2524 3129 sui
2582 3064 2912 3130 adventus

799 3167 1140 3233 humiliter
1207 3167 1531 3254 exposuit.
1649 3165 1798 3247 Qua
1868 3164 2127 3253 plenius
2201 3166 2520 3253 exposita,
2598 3171 2668 3233 et
2730 3189 2908 3234 sanae

801 3269 1215 3337 conscientiae
1284 3268 1556 3334 auribus
1619 3267 2094 3355 episcopalibus
2155 3272 2432 3356 excepta
2502 3272 2569 3334 et
2629 3274 2912 3357 accepta,

798 3373 1145 3462 supposuit
1197 3394 1265 3438 se
1315 3371 1641 3437 Dominus
1687 3370 2074 3449 Willelmus,
2129 3393 2213 3437 ne
2264 3371 2534 3458 aliquod
2580 3372 2913 3438 inveniret

800 3474 1288 3552 offendiculum,
1337 3474 1560 3553 immo,
1608 3473 1896 3560 gratiam
1942 3473 2016 3537 in
2062 3473 2381 3560 Episcopo
2441 3474 2663 3561 potius
2721 3475 2911 3539 inve-

797 3579 972 3644 niret
1031 3577 1408 3665 pleniorem,
1480 3575 1883 3642 ordinationi
1952 3597 2132 3657 suae3
2190 3575 2384 3663 plene
2462 3581 2532 3642 et
2608 3577 2909 3643 absolute

701 3699 707 3706 ·
798 3682 1145 3761 confidens,
1207 3685 1278 3745 et
1332 3679 1587 3759 merite,
1661 3678 1745 3744 de
1822 3678 2212 3744 discretione
2255 3684 2325 3743 et
2369 3678 2450 3745 de
2493 3678 2909 3766 benignitate

460 3788 568 3839 The
582 3789 773 3868 nishop
798 3785 1004 3871 ipsius
1067 3781 1391 3871 Episcopi.
1505 3780 1637 3862 Qui
1700 3780 1823 3847 hoc
1879 3786 2222 3870 gratanter
2279 3786 2637 3869 acceptans,
2684 3783 2778 3848 sic
2822 3784 2906 3849 de

460 3857 667 3980 ζ’ζὲξᾞζ
689 3923 775 3974 the
800 3889 943 3976 ipsa
1013 3885 1296 3967 ecclesia,
1383 3882 1465 3950 de
1552 3884 1834 3950 consilio
1895 3884 2455 3972 jurisperitorum,
2531 3885 2892 3962 ordinavit,

460 3989 610 4038 death
634 3989 696 4038 of
799 3990 992 4078 quod,
1058 3987 1413 4055 decedente
1480 3992 1728 4052 rectore
1811 3987 1990 4054 illius
2068 3987 2362 4067 ecclesiae,
2447 3988 2750 4054 cederent
2825 3988 2902 4053 in

459 4055 558 4170 ἓξ,
568 4062 747 4173 ’ἓξὲξ
799 4094 1093 4181 proprios
1152 4112 1310 4157 usus
1355 4089 1664 4156 Ecclesiae
1713 4089 1945 4156 Sancti
1991 4089 2238 4155 Albani
2292 4091 2441 4157 duae
2483 4097 2704 4177 partes
2762 4111 2904 4156 ma-

459 4187 617 4304 ἓᾏξξξ
633 4196 775 4305 ffit
788 4198 1011 4282 jorum
1086 4193 1503 4271 decimarum,
1567 4197 1635 4258 et
1724 4193 1928 4258 tertia
1985 4214 2156 4279 pare,
2227 4214 2376 4258 cum
2453 4194 2733 4260 minutis
2791 4193 2907 4259 de-

461 4271 719 4384 belongsto
799 4300 984 4365 cimis
1028 4302 1099 4364 et
1159 4302 1340 4364 terra
1401 4294 1653 4373 arabili,
1709 4296 1786 4360 in
1853 4317 2009 4362 usus
2068 4295 2316 4376 vicarii,
2379 4295 2497 4383 qui
2559 4317 2680 4383 pro
2739 4301 2906 4363 tem-

458 4387 773 4503 §tl'eAthff8’
799 4425 956 4490 pore
999 4401 1219 4479 fuerit,
1269 4401 1357 4467 ad
1398 4398 1923 4487 hospitalitatem
1966 4398 2352 4482 faciendam,
2401 4405 2468 4464 et
2516 4399 2740 4464 omnia
2775 4400 2910 4466 alia

458 4520 608 4585 being
630 4536 708 4571 re-
799 4526 998 4570 onera
1045 4504 1446 4570 sustinenda.

458 4587 735 4704 {epitasi-’for
888 4607 1041 4671 Hiis
1100 4606 1422 4693 siquidem
1485 4628 1603 4694 per
1661 4605 1959 4671 chartam
2028 4604 2333 4692 Episcopi
2397 4605 2690 4670 finaliter
2754 4628 2909 4671 con-

798 4709 1094 4785 firmatiS,
1142 4703 1680 4775 accessit‘dictus
1711 4707 2085 4774 Willelmus
2131 4708 2239 4774 die
2284 4708 2573 4774 secunda
2601 4708 2916 4794 proximo
