3450 5717
876 841 1007 906 380
1608 852 1823 904 ensrA
1864 853 2194 907 ABBATUM

571 1047 711 1099 John
728 1050 816 1111 11.,
875 1048 911 1075 “
953 1039 1038 1104 ad
1085 1061 1410 1105 summam
1476 1040 1972 1118 abundantiam,
2025 1037 2353 1107 thesauris
2395 1040 2780 1108 redundare.
2894 1041 2972 1108 Si

600 1119 779 1235 {figit
876 1150 909 1177 “
951 1143 1144 1222 enim,
1192 1142 1381 1230 quasi
1430 1142 1517 1208 ad
1570 1143 1839 1229 aliquod
1885 1142 2032 1208 leve
2074 1145 2435 1230 negotium,
2480 1143 2644 1208 mihi
2688 1145 2974 1210 feceritis

624 1250 766 1301 ΑΒ.
781 1221 796 1246 ’
874 1253 909 1280 “
948 1246 1082 1311 tria
1109 1246 1218 1311 vel
1246 1250 1532 1333 quatuor
1560 1245 1778 1332 sigilla
1806 1245 1888 1312 de
1918 1244 2247 1332 aliquibus
2276 1245 2680 1311 authenticis
2707 1246 2971 1334 Angliae

571 1322 816 1422 ¹²2⁵L⁶Q
874 1355 908 1382 “
951 1349 1242 1436 praelatis
1306 1348 1565 1427 habere,
1625 1370 1745 1434 ego
1817 1370 1994 1414 nova
2050 1347 2602 1434 interpretatione
2661 1348 2970 1415 inducam

534 1450 849 1568 Τέἱῗιῑῗὶῑὲὴορ,
874 1460 907 1486 “
951 1451 1311 1518 Dominum
1356 1452 1622 1539 Papam,
1668 1457 1751 1517 ut
1799 1451 2082 1516 firmiter
2124 1472 2330 1537 spero,
2373 1450 2460 1515 ad
2506 1450 2668 1532 hoc3
2717 1459 2797 1517 ut
2855 1453 2972 1518 ob-

533 1522 851 1647 quembert
874 1563 907 1589 “
950 1555 1159 1642 ligent
1202 1578 1271 1620 se
1309 1554 1555 1642 singuli
1597 1554 1864 1641 Angliae
1893 1553 2171 1640 praelati,
2201 1553 2388 1638 quasi
2435 1549 2455 1588 ¹
2481 1553 2625 1639 cogi
2654 1553 2969 1632 volentes,

535 1651 732 1715 depm
754 1654 834 1704 for
875 1666 908 1694 “
952 1659 1039 1723 ad
1085 1658 1443 1724 maximam
1485 1657 1780 1743 pecuniae
1819 1656 2231 1733 solutionem,
2277 1661 2357 1721 ut
2399 1655 2788 1743 indigentiae
2830 1661 2968 1723 tuae

874 1768 907 1796 “
952 1761 1039 1826 ad
1083 1760 1351 1846 plenum
1396 1757 1729 1825 satisfiat.''
1842 1757 1934 1824 Et
1995 1780 2145 1824 oum
2196 1757 2575 1823 inclinasset
2625 1779 2736 1824 cor
2765 1758 2968 1846 Regis

871 1863 959 1928 ad
1002 1884 1405 1940 consensum,
1448 1861 1661 1949 gavisi
1712 1865 1870 1926 sunt
1934 1859 2534 1947 quamplurimum3
2600 1865 2670 1926 et
2713 1860 2970 1928 confes-

868 1965 995 2030 tim
1039 1964 1552 2051 transalpinavit
1582 1963 1960 2050 Episcopus,
1991 1967 2070 2028 ut
2097 1962 2434 2049 praemissa
2471 1963 2730 2029 effectui
2772 1986 2968 2029 man-

868 2069 1134 2156 ciparet,
1179 2068 1494 2153 adjuncto
1541 2065 1670 2131 sibi
1716 2066 2003 2152 quodam
2046 2066 2234 2144 soci0,
2278 2065 2587 2144 Roberto,
2633 2066 2970 2146 videlicet,

876 2170 1281 2248 waleranno,
1328 2174 1409 2234 ut
1453 2156 1771 2234 efficacius
1816 2167 2181 2233 Dominum
2224 2166 2476 2255 Papam
2515 2167 2890 2235 fascinaret.

527 2299 612 2350 He
631 2299 764 2351 finds
956 2274 1049 2339 Et
1096 2294 1245 2338 cum
1290 2271 1567 2338 Romam
1616 2270 2042 2358 pervenisset,
2069 2270 2330 2335 invenit
2357 2269 2608 2357 Papam
2647 2255 2967 2337 moestum

525 2366 781 2485 ffiqgg
869 2382 939 2443 et
983 2376 1342 2453 confusum,
1382 2396 1500 2461 pro
1547 2373 1844 2440 adversis
1890 2394 2040 2459 quae
2069 2371 2378 2439 Ecclesiae
2397 2376 2643 2460 ,nuper
2675 2374 2962 2463 contige-

526 2498 649 2549 with
670 2451 806 2563 geht,
869 2484 1044 2544 runt.
1134 2479 1300 2544 Erat
1359 2477 1628 2564 insuper
1670 2479 1778 2541 tot
1822 2474 2066 2541 debitis
2126 2475 2505 2555 innodatus,
2554 2475 2733 2562 quod
2777 2477 2966 2542 audi-

523 2565 848 2698 {glssffiinss
868 2583 1123 2649 entium
1166 2579 1502 2646 mentibus
1543 2579 1781 2644 merito
1842 2582 2177 2664 stuporem
2237 2582 2547 2665 poterant
2607 2600 2961 2665 generar03

524 2700 693 2749 bound
712 2707 767 2751 to
866 2707 1014 2772 quae
1075 2683 1299 2750 omnia
1365 2682 1513 2747 Rex
1572 2680 1856 2768 Angliae,
1914 2680 2039 2745 sub
2108 2701 2308 2767 poena
2389 2680 2962 2763 exhaeredationia

522 2780 635 2831 ¹³⁸5·
865 2789 1116 2855 solvere
1145 2785 1511 2852 tenebatur.
1601 2783 1963 2849 Instabant
1990 2782 2260 2869 insuper
2303 2789 2694 2849 mercatores
2722 2784 2961 2851 Trans·

857 2890 1082 2977 alpini,
1128 2887 1430 2965 usurarii,
1483 2887 1824 2973 exigentes
1886 2885 2351 2974 urgentissime
2402 2889 2472 2952 et
2530 2886 2812 2966 assidue,
2877 2892 2960 2954 ut

854 2993 1314 3080 persolvantur
1355 2989 1449 3055 eis
1493 2988 1723 3053 debita
1750 3009 1886 3066 sua,
1916 3009 2064 3074 quae
2109 2987 2365 3067 cotidie,
2398 2992 2668 3075 propter
2705 3011 2956 3069 usuras,

854 3117 1102 3182 poenas,
1133 3097 1203 3159 et
1230 3092 1560 3172 interesse,
1589 3111 1725 3155 non
1756 3090 2032 3155 minima
2060 3089 2507 3176 suscipiebant
2534 3090 2958 3159 incrementa.

857 3199 950 3263 Et
1008 3218 1157 3263 cum
1216 3194 1309 3261 sic
1367 3197 1723 3280 angeretur
1787 3193 1986 3280 Papa,
2046 3191 2388 3280 respondit
2454 3192 2814 3280 Episcopus
2841 3219 2955 3276 3—

519 3326 602 3377 He
623 3342 713 3377 ex·
860 3309 893 3337 “
941 3300 1185 3366 Sancte
1228 3302 1433 3386 pater,
1475 3318 1560 3361 ne
1604 3295 1996 3362 sollicitetur
2043 3295 2411 3381 paternitas
2455 3299 2576 3360 tua
2620 3295 2703 3362 de
2747 3318 2958 3383 quan-

518 3392 821 3511 ffifflttfgrgf
859 3412 893 3441 “
940 3404 1139 3469 titate
1183 3405 1252 3467 et
1289 3420 1565 3466 numero
1616 3398 2007 3478 debitorum,
2036 3397 2195 3463 licet
2235 3396 2699 3467 inaestimabili.
2780 3399 2955 3480 Quia

517 3526 615 3592 lity
637 3526 695 3576 of
709 3527 795 3578 the
864 3514 900 3541 “
945 3509 1099 3571 ante
1139 3524 1459 3569 recessum
1500 3506 1803 3566 nostrum
1833 3500 1919 3565 ab
1949 3499 2214 3586 Anglia,
2247 3499 2576 3565 Dominus
2606 3501 2770 3581 Reiz,
2815 3524 2955 3588 ego,

517 3593 838 3711 ffitpfhe
857 3618 896 3646 “
940 3614 1008 3674 et
1067 3608 1173 3672 hic
1232 3605 1418 3670 miles
1480 3603 1928 3689 peritissimus,
1991 3602 2401 3689 providimus
2461 3609 2683 3670 tutam
2772 3605 2952 3670 viam

518 3729 619 3778 and
641 3742 709 3777 on
732 3699 819 3778 t'he
858 3720 890 3747 “
936 3715 1007 3777 et
1063 3712 1310 3775 certam
1370 3706 1665 3785 formam,
1729 3704 2015 3792 qualiter
2077 3707 2297 3771 omnia
2363 3705 2503 3771 sine
2563 3705 2953 3773 difficultate

515 3792 815 3911 ἒξῗξξῖδ,
860 3823 896 3852 “
941 3815 1366 3888 solverentur,
1453 3809 1829 3887 dummodO,
1892 3808 1972 3874 de
2030 3808 2255 3873 favore
2332 3812 2403 3874 et
2465 3807 2732 3875 licentia
2812 3815 2949 3889 tua,

509 3926 642 4004 jecta
662 3935 716 3977 to
736 3943 836 3995 pay
860 3926 893 3953 “
936 3917 1133 3981 liceat
1182 3912 1348 3977 mihi
1400 3933 1549 3998 quae
1597 3932 1708 3983 cor
1754 3932 1972 3975 meum
2016 3910 2398 3997 parturivit,
2445 3911 2750 3998 prosequi
2795 3932 2947 3977 cum

512 3993 593 4043 ¹¹¹⁸
612 3993 769 4045 debts.
860 4027 899 4057 “
942 4018 1193 4086 effectu.
1281 4014 1605 4079 Dominus
1627 4011 1805 4077 enim
1838 4010 2000 4089 Rex,
2034 4012 2161 4078 tibi
2191 4017 2261 4077 et
2290 4012 2598 4079 Ecclesiae
2629 4013 2948 4080 Romanae

854 4130 888 4159 “
934 4119 1411 4197 devotissimus,
1440 4114 1603 4181 adeo
1633 4114 1943 4181 Ecclesiae
1988 4121 2058 4181 et
2099 4113 2260 4179 viris
2303 4114 2749 4180 ecelesiasticis
2792 4137 2947 4202 pro-

848 4235 884 4262 “
928 4245 1055 4289 nus
1086 4226 1204 4299 est,
1235 4222 1304 4285 et
1332 4217 1695 4295 munificua
1726 4220 1833 4282 tot
1873 4216 2189 4282 exhibens
2219 4215 2445 4296 officia,
2478 4220 2585 4282 tot
2612 4215 2949 4283 conferens

848 4340 883 4367 “
925 4324 1257 4403 beneficia,
1289 4323 1361 4386 in
1406 4319 1796 4397 holosericis,
1827 4319 2139 4397 aedificiiS,
2169 4319 2386 4397 cereis,
2417 4319 2749 4384 donativis
2793 4342 2946 4408 pre-

846 4442 881 4469 “
933 4432 1139 4506 tiosis,
1190 4433 1260 4492 et
1305 4424 1527 4503 variis,
1591 4422 1768 4509 quod
1823 4426 1893 4487 et
1947 4421 2073 4487 Dei
2132 4426 2201 4487 et
2261 4422 2552 4485 omnium
2599 4422 2944 4487 hominum

847 4546 879 4571 “
924 4532 1055 4598 sibi
1098 4530 1382 4618 gratiam
1426 4525 1850 4613 comparavit.
1945 4523 2270 4589 Similiter
2313 4530 2383 4589 et
2427 4524 2759 4589 nobilibus
2785 4526 2942 4591 'suis

1424 4799 1437 4827 ¹
1464 4799 1622 4847 coacti
1636 4796 1851 4847 nolentes
1881 4797 1934 4845 in
1953 4794 2196 4847 Matthew
2210 4794 2367 4844 Paris.
