3450 5717
1004 847 1427 897 MONASTERII
1471 848 1714 898 swern
1758 848 2027 897 ALBANI.
2452 830 2586 902 437

485 1033 571 1097 ad
631 1033 916 1101 Vincula
975 1058 1123 1102 cum
1169 1038 1349 1102 omni
1377 1005 1387 1019 '
1417 1038 1854 1124 prosperitate
1922 1040 2259 1105 remeavit.
2375 1036 2582 1123 Cujus
2672 1041 2844 1110 Rogm-

486 1137 857 1223 praesentiae
907 1145 1089 1206 totus
1148 1140 1548 1217 Conventus,
1597 1140 1976 1207 solemniter
2019 1141 2392 1221 revestitus,
2435 1140 2580 1227 pul·
2656 1111 2848 1239 Αἷῗξζ,

487 1239 651 1305 satis
710 1242 1062 1328 campanis,
1109 1265 1259 1309 cum
1311 1264 1554 1330 magno
1612 1242 1936 1330 applausu
1990 1245 2310 1310 obviavit.
2644 1243 2887 1363 mfflbo·

485 1523 838 1590 Processus
925 1526 1366 1612 qum-amdam
1443 1526 1461 1563 ¹
1487 1527 1977 1594 mlevolmwm
2056 1548 2287 1595 coram
2374 1526 2583 1613 Remis

660 1624 687 1664 ³
708 1625 798 1713 [J
790 1627 1210 1712 usticiam-s]
1279 1627 1791 1707 itimrcmtibm,
1871 1628 2207 1697 biba-tates
2267 1629 2574 1697 mmm:

662 1727 741 1794 de
783 1729 1077 1796 Esewale
1120 1730 1512 1798 dimiwwere
1563 1732 2043 1818 satagentium.

572 1900 1013 1990 Consequenti
1080 1909 1304 1969 autem
1371 1926 1566 1985 anno,
1628 1906 1897 1992 quidam
1957 1929 2043 1972 ex
2123 1911 2312 1995 parte
2376 1903 2577 1991 Regis
2599 1920 2836 2000 Attempy

482 2004 553 2068 in
610 2006 911 2091 partibus
956 2006 1235 2087 Ganciae,
1300 2005 1476 2072 facta
1534 2009 1952 2096 suggestione
2010 2010 2295 2087 sinistra,
2355 2008 2576 2095 exagi-
2599 1989 2896 2122 ffiedffffss}

480 2106 739 2194 tatique
780 2108 1209 2185 oblocutione,
1245 2109 1635 2175 Monasterii
1682 2110 1914 2178 Sancti
1943 2112 2190 2178 Albani
2219 2112 2580 2188 libertates,
2603 2122 2664 2171 of
2689 2121 2761 2173 st.

481 2214 774 2297 tempore
834 2211 1108 2277 Domini
1171 2211 1414 2299 Rogeri
1476 2212 1776 2293 Abbatis,
1824 2214 1898 2279 in
1961 2215 2255 2281 manerio
2332 2235 2450 2280 suo
2495 2208 2576 2276 de
2601 2187 2895 2305 alm-of

482 2311 781 2378 Esewale
823 2313 1254 2380 attentabant
1318 2316 1691 2382 minorasse.
1786 2315 1918 2397 Qui
1979 2317 2102 2384 sub
2160 2315 2576 2384 haesitatione
2600 2319 2709 2382 ties,
2734 2320 2789 2370 in
2811 2320 2880 2372 im

482 2415 882 2496 vacillantes,
950 2422 1269 2504 tanquam
1349 2416 1528 2483 illius
1593 2419 1690 2483 rei
1750 2420 2101 2485 veritatem
2182 2420 2578 2508 ignorantes,
2599 2387 2856 2513 ’ἓξὲξ

483 2517 644 2603 quin
726 2518 948 2605 potius
1007 2518 1333 2606 fingentes
1393 2526 1718 2607 quatenus
1785 2521 2035 2588 talibus
2095 2522 2191 2588 ibi
2263 2523 2578 2610 gauderet
2600 2519 2738 2571 AD·
2768 2525 2911 2574 1279-

481 2619 921 2699 libertatibuS‚
985 2621 1241 2687 easdem
1306 2621 1591 2687 Domino
1661 2624 1830 2711 Regi
1898 2625 2152 2710 justius
2195 2623 2577 2690 asscrebant

483 2727 848 2809 spectasse3
901 2723 1079 2788 dicto
1120 2723 1392 2801 Abbati,
1440 2728 1509 2790 et
1576 2727 1713 2791 suis
1774 2728 2305 2807 antecessoribus,
2366 2727 2576 2813 impo-

484 2831 716 2892 nentes
760 2827 830 2890 in
886 2827 1133 2913 regiam
1202 2826 1596 2914 dignitatem
1656 2829 2156 2916 usurpationem
2201 2834 2271 2895 et
2322 2849 2576 2916 surrep-

483 2929 737 2995 tionem
785 2929 1140 2995 enormiter
1187 2929 1599 2997 commisisse.

576 3032 815 3099 Ooram
859 3032 907 3097 J
911 3031 1263 3097 usticiacrns
1321 3053 1477 3118 ergo
1522 3032 1597 3097 in
1640 3031 1759 3098 illa
1804 3032 2145 3120 provincia
2190 3032 2577 3099 Itineranti-
2601 3048 2713 3102 The
2734 3060 2808 3105 at-

482 3134 624 3212 buS,
670 3155 788 3221 per
832 3133 1328 3221 inquisitionem
1373 3134 1758 3214 declaratur,
1805 3135 2194 3222 praedictum
2240 3135 2574 3222 Rogerum
2595 3121 2840 3238 ἔξω
2851 3186 2910 3238 in

480 3241 811 3308 Abbatem
870 3246 1014 3307 toto
1058 3240 1460 3326 praelationis
1502 3262 1640 3307 suae
1683 3245 1977 3328 tempore
2021 3240 2232 3306 dictas
2287 3241 2360 3305 in
2420 3263 2573 3328 pace
2598 3250 2683 3328 phe
2703 3252 2813 3304 first

481 3344 788 3410 habuisse
834 3349 902 3410 et
946 3338 1235 3410 tenuisse
1277 3343 1634 3409 libertates,
1749 3343 2071 3409 Videntes
2144 3344 2368 3430 itaque
2425 3365 2574 3431 pro·
2597 3326 2857 3437 fflffij

481 3447 773 3535 positum
839 3469 1033 3512 suum
1096 3445 1354 3532 tepidos
1413 3445 1636 3511 sortiri
1701 3466 2050 3526 successus,
2111 3446 2310 3511 aliam
2386 3447 2574 3534 sequi
2597 3455 2775 3515 pentec
2793 3453 2848 3503 in

482 3550 678 3630 viam,
727 3550 872 3630 sibi,
919 3549 1206 3614 Domino
1264 3554 1548 3629 auctore,
1606 3548 1945 3630 lubricam,
1991 3549 2116 3615 sub
2159 3547 2372 3614 colore
2414 3572 2573 3616 ven·
2594 3520 2806 3638 ,Ἕω

483 3653 832 3719 dicationis
878 3651 1288 3717 inchoarunt.
1401 3648 1602 3716 Unde
1646 3651 1922 3718 ulterius
1964 3650 2202 3717 laedere
2247 3653 2574 3719 attentius

483 3755 957 3843 excogitantes
1025 3753 1229 3840 (quod
1310 3752 1504 3840 longe
1556 3774 1599 3817 a
1656 3752 1977 3819 desiderio
2048 3774 2274 3819 eorum
2321 3761 2572 3820 certum

485 3864 586 3925 est
631 3857 984 3943 accidisse,)
1042 3856 1402 3922 secundum
1456 3854 1597 3920 litis
1646 3855 1942 3934 formam,
1988 3856 2315 3944 triplicem
2358 3879 2575 3923 move-

483 3968 643 4053 runt
692 3962 1169 4048 quaestionem:
1234 3958 1560 4038 videlicet,
1630 3940 1913 4045 qualiter
1979 3959 2277 4027 Abbates
2344 3960 2574 4027 Sancti

484 4065 727 4131 Albani
787 4064 891 4129 usi
936 4067 1095 4128 sunt
1154 4061 1577 4127 libertatibus
1650 4061 2027 4149 praedictis;
2100 4068 2327 4129 utrum
2371 4065 2573 4129 etiam

481 4168 983 4257 praedecessores
1062 4165 1263 4252 Regis
1344 4163 1677 4240 Edwardi,
1732 4170 1895 4230 tunc
1965 4167 2322 4253 regnantia
2402 4168 2575 4232 sicut

482 4275 668 4358 patet
708 4270 999 4349 inferius,
1031 4268 1102 4333 in
1147 4266 1278 4331 hiis
1309 4266 1708 4352 aliquotiens
1754 4267 2188 4334 obtinuerunt
2228 4268 2574 4347 seisinam;

481 4384 552 4440 et
595 4394 727 4460 quo
783 4377 1082 4439 waranto
1168 4374 1524 4435 tenentur:
1602 4391 1799 4456 super
1860 4392 1989 4457 quo
2061 4370 2261 4437 breve
2319 4372 2571 4460 regium
2655 4414 2664 4423 ·

478 4482 643 4543 tunc
687 4475 1050 4542 levabatur.

549 4694 561 4727 ¹
587 4692 919 4745 auliculorum
939 4691 995 4741 in
1018 4691 1134 4743 MS.
1566 4687 1578 4755 Ι
1637 4691 1657 4720 ²
1679 4688 1905 4741 Omitted
1927 4689 1980 4739 in
2001 4691 2111 4742 MS.
