3450 5717
875 756 1005 821 382
1632 770 1845 822 essm
1888 769 2215 823 ,1611111111

559 952 813 1072 301111ὠῶ
870 955 1326 1021 brevissimum
1380 957 1737 1024 terminum
1795 956 2101 1045 injuncta
2156 958 2619 1076 persolverent,
2683 960 2963 1048 plenam,

594 1089 788 1151 „Abboss
870 1058 1200 1123 habebant
1258 1063 1653 1146 potestatem
1721 1060 1850 1148 ipsi
1894 1061 2196 1140 usurarii,
2240 1061 2434 1150 (quos
2495 1061 2737 1128 Franci
2780 1071 2813 1098 ‘⁶
2840 1064 2966 1129 bu-

570 1154 1187 1275 12251230“geros”
1249 1161 1614 1249 vulgariter
1672 1162 2065 1251 appellant,)
2121 1164 2417 1230 insontes
2477 1161 2609 1229 Dei
2666 1164 2946 1231 famulos

622 1317 756 1329 —
868 1263 1174 1330 Ecclesiae
1236 1264 1565 1351 praelatos,
1629 1262 1649 1303 ¹
1671 1265 1979 1332 omnibus
2036 1265 2249 1332 modis
2291 1267 2528 1355 punire
2588 1268 2950 1347 sententiis,

854 1366 1133 1453 jacturis
1176 1368 1490 1454 gravibus
1534 1369 1987 1452 condemnare,
2033 1374 2104 1436 et
2147 1369 2437 1457 angariis
2480 1369 2786 1459 fatigare.

1042 1622 1484 1691 Continuatio
1519 1645 1865 1711 processus
1910 1629 1971 1690 ot
2012 1621 2318 1695 materiae
2355 1630 2776 1712 praenotatae.

948 1794 1052 1860 Ut
1095 1798 1320 1859 autem
1362 1791 1580 1860 luceat
1616 1790 1894 1880 posteris
1924 1798 2176 1881 quanta
2206 1793 2465 1873 damna,
2510 1816 2642 1861 non
2685 1799 2958 1862 tantum

859 1897 1068 1978 nobis,
1136 1898 1249 1963 sed
1308 1896 1539 1963 multis
1612 1896 1779 1976 aliis,
1845 1896 2169 1963 intulerat
2228 1920 2345 1985 per
2405 1918 2525 1964 sua
2580 1903 2959 1965 commenta

856 2000 1071 2067 dictus
1131 1999 1505 2089 Episcopus,
1567 1999 1870 2086 quaedam
1933 2001 1959 2039 ²
1983 2005 2292 2087 excerpta
2351 1998 2433 2066 de
2482 1999 2671 2067 Bulla
2719 1999 2959 2087 Papali

853 2122 1185 2190 ponemus,
1243 2122 1361 2190 per
1419 2122 1566 2188 quae
1609 2100 1994 2169 facultatem
2056 2100 2355 2167 obtinuit
2423 2125 2547 2169 nos
2609 2103 2954 2192 gravandi,

854 2206 1154 2294 quamvis
1198 2205 1338 2293 ejus
1382 2204 1713 2293 suggestio
1754 2204 1918 2270 falsa
1960 2202 2181 2284 fuerit,
2229 2210 2300 2272 et
2347 2206 2735 2294 impetratio
2778 2205 2957 2272 frau-

854 2310 1143 2376 dulenta.
1233 2307 1343 2374 Sic
1386 2308 1562 2374 enim
1606 2305 2071 2374 continebatur
2112 2307 2187 2372 in
2230 2306 2530 2387 Bulla,—

514 2468 674 2533 Papal
694 2468 832 2532 Bull,
931 2464 968 2489 ‘⁸
1005 2460 1389 2526 ³Alexander,
1428 2460 1776 2531 Episcopus,
1815 2463 1867 2515 et
1906 2463 2123 2525 caetera,
2168 2457 2460 2531 Episcopo
2507 2459 2955 2528 Herefordensi,

512 2537 726 2602 bmffing
748 2539 897 2591 211⁶“
937 2549 988 2601 et
1035 2550 1245 2600 coetera.
1318 2543 1469 2599 Cum
1502 2549 1562 2599 te
1605 2543 1859 2599 sciamus
1895 2560 2003 2615 pro
2037 2542 2397 2600 utilitatibus
2446 2542 2698 2600 Abbatis
2724 2549 2783 2600 et
2807 2545 2955 2601 Con-

514 2603 874 2742 *ggffibgg‘
859 2632 897 2659 “
935 2635 1143 2686 ventus
1184 2628 1384 2685 Sancti
1406 2627 1641 2694 Albani,
1680 2625 2106 2683 Lincolniensis
2147 2626 2456 2693 Dioecesis‚
2495 2644 2604 2700 pro
2629 2629 2844 2700 quibus
2880 2630 2957 2685 ad

512 2750 581 2788 0„
602 2737 791 2787 certain
881 2712 1148 2768 ‘Sedem
1172 2711 1570 2783 Apostolicam
1604 2710 1926 2776 accessisti,
1965 2728 2182 2783 magna
2215 2717 2485 2783 oportere
2510 2711 2710 2767 subire
2745 2730 2952 2783 grava-

511 2808 780 2866 pretences,
859 2800 897 2827 “
935 2798 1095 2851 mina
1130 2813 1531 2868 expensarum,
1568 2813 1644 2850 ne
1679 2814 1787 2867 pro
1825 2795 2060 2853 defectu
2093 2797 2356 2868 ipsarum
2381 2794 2584 2853 eadem
2618 2795 2956 2869 inexpedita

510 2874 565 2918 t⁰
585 2884 685 2934 1³³5
709 2874 805 2920 500
858 2884 897 2909 “
932 2898 1234 2936 remanere
1290 2880 1609 2950 contingat,
1678 2880 2035 2936 fraternitati
2085 2886 2204 2936 tuse
2258 2880 2637 2936 contrahendi
2682 2886 2954 2937 mutuum

507 2936 693 3053 ἓξὲξ
708 2951 783 3053 ἓξ
855 2968 1172 3037 “propter
1205 2965 1351 3031 haec,
1402 2980 1593 3036 usque
1643 2963 1719 3019 ad
1769 2982 2058 3021 summam
2113 2965 2570 3037 quingentarum
2619 2983 2953 3021 marcarum

506 3068 593 3119 the
616 3068 803 3137 Bishop
851 3054 888 3079 “
927 3050 1364 3120 sterlingorum,
1414 3048 1646 3104 nomine
1693 3047 1985 3103 dictorum
2041 3047 2291 3104 Abbatis
2354 3054 2414 3105 et
2482 3048 2839 3115 Conventus,
2891 3056 2954 3106 et

506 3135 568 3186 of
587 3135 747 3186 Here-
852 3133 1289 3197 “Monasterii‚
1327 3137 1388 3189 et
1424 3132 1583 3204 ipsos
1621 3130 1916 3187 Abbatem
1953 3135 2015 3191 et
2050 3132 2436 3199 (lomentum,
2476 3151 2545 3190 ao
2581 3151 2952 3193 successores

508 3201 649 3320 {rg-
672 3273 799 3320 1255
771 3276 818 3321 5.
849 3221 886 3246 “
927 3236 1148 3284 eorum,
1177 3222 1237 3273 et
1260 3215 1525 3289 ejusdem
1546 3215 1891 3272 Monasterii
1913 3215 2080 3282 bona,
2109 3217 2496 3273 creditoribus
2533 3217 2855 3291 obligandi,
2882 3236 2953 3275 ac

847 3304 886 3330 “
924 3300 1304 3358 renunciandi
1340 3300 1734 3356 constitutioni
1783 3299 1854 3353 de
1895 3298 2121 3357 duabus
2158 3298 2334 3356 dietis
2379 3301 2553 3357 editae
2588 3302 2654 3357 in
2689 3302 2953 3357 Concilio

847 3391 885 3416 “
925 3385 1217 3452 Generali,
1261 3390 1321 3440 et
1354 3382 1635 3439 beneficio
1675 3383 2067 3439 restitutionis
2109 3384 2171 3439 in
2212 3382 2532 3456 integrum,
2581 3391 2644 3441 et
2679 3386 2951 3442 omnibus

845 3474 881 3500 ‘⁶
914 3471 1149 3537 litteris,
1190 3466 1577 3540 indulgentiis
1616 3465 1993 3539 Apostolicis‚
2036 3468 2371 3541 impetratis
2411 3472 2473 3524 et
2522 3467 2947 3541 impeti-andin

842 3560 881 3585 ‘⁶
917 3572 1142 3611 necnon
1183 3558 1244 3609 et
1282 3552 1651 3610 conventioni
1701 3551 1991 3623 judicum,
2030 3553 2083 3607 si
2121 3552 2388 3625 ipsorum
2438 3553 2798 3615 creditorum
2847 3572 2951 3611 no·-

846 3642 885 3668 “
922 3641 1079 3697 mine
1102 3637 1470 3710 Apostolicas
1504 3637 1733 3693 litteras
1771 3653 1949 3708 super
1981 3637 2129 3701 haeo,
2164 3637 2567 3709 cujuscunque
2602 3638 2847 3704 tenoris,
2887 3639 2952 3694 in

845 3727 883 3752 “
921 3729 1222 3796 posterum
1244 3723 1560 3794 impetrare
1585 3721 1917 3792 contigerit,
1943 3720 2175 3792 plenam
2197 3721 2543 3778 auctoritate
2565 3723 2952 3794 praesentium

845 3811 883 3836 “
922 3806 1291 3863 concedimus
1327 3805 1683 3861 facultatem.
1760 3804 1856 3859 Ita
1879 3809 2095 3870 tamen,
2124 3804 2279 3877 quod
2314 3805 2452 3878 ipsi,
2480 3811 2540 3861 et
2576 3823 2949 3865 successores

844 3893 883 3920 “
920 3909 1141 3957 eorum,
1181 3889 1566 3946 creditoribus
1600 3887 1939 3960 hujusmodi
1974 3888 2283 3960 pecuniam
2320 3888 2565 3954 solvere,
2611 3906 2837 3945 necnon
2872 3889 2952 3946 ad

844 3979 883 4005 “
923 3976 1133 4032 damna
1156 3979 1217 4031 et
1238 3990 1538 4047 expensas,
1566 3990 1634 4029 ac
1657 3974 1960 4039 interesse,
1989 3974 2059 4039 si,
2084 3973 2148 4029 in
2169 3974 2422 4029 termino
2456 3972 2762 4031 statuendo
2795 3992 2833 4031 a
2865 3980 2951 4039 te,

839 4065 878 4091 “
910 4059 1219 4132 pecuniam
1254 4057 1498 4114 eandem
1532 4072 1651 4113 non
1687 4056 1990 4122 solverint,
2031 4074 2210 4128 super
2248 4058 2463 4129 quibus
2493 4059 2824 4130 juramento
2856 4059 2952 4131 ip-

842 4146 882 4173 “
921 4162 1138 4212 sorum,
1163 4142 1262 4201 vel
1296 4160 1500 4200 eorum
1535 4141 1806 4214 alicujus,
1836 4142 1963 4198 sine
1986 4141 2187 4214 aliqua
2208 4142 2565 4215 probatione,
2591 4142 2694 4219 qui
2728 4143 2950 4200 dictam

905 4454 1214 4505 ιοηυιὲινιοιίίει
1260 4454 1441 4521 punire
1485 4451 1750 4514 sententiis,
1793 4449 1845 4502 in
1923 4449 2029 4517 jor,
2065 4466 2158 4505 aa.
2204 4455 2348 4514 1255,
2377 4449 2433 4501 in
2471 4466 2504 4502 a
2537 4450 2747 4516 general
2795 4449 2947 4513 form,

839 4534 1082 4586 Matthew
1104 4533 1264 4586 Paris.
1931 4532 2031 4581 and
2070 4537 2163 4581 not
2207 4545 2263 4580 as
2310 4528 2582 4596 especially
2615 4528 2829 4597 bearing
2862 4547 2950 4581 re·

905 4616 925 4645 2
947 4621 1152 4677 excepta
1174 4611 1226 4663 in
1247 4611 1361 4664 MS.
1383 4610 1626 4663 Claudius
1646 4610 1706 4660 E.
1729 4608 1797 4659 iv.
1930 4609 2133 4661 fei-enee
2155 4616 2209 4659 to
2232 4608 2308 4660 St.
2330 4607 2559 4660 Albsn’s.

903 4692 925 4724 ³
949 4691 1114 4746 Given
1135 4693 1242 4744 also
1273 4691 1326 4741 in
1355 4690 1441 4743 the
1463 4689 1696 4742 Historia
1717 4687 1844 4740 Μα-
