3450 5717
798 812 927 874 184
1550 827 1764 877 essm
1807 827 2133 879 Annam

513 1008 706 1131 ἓξὲξ,
795 1014 1012 1082 dictus
1071 1020 1174 1082 est
1240 1016 1313 1081 in
1372 1017 1773 1082 monasterio
1831 1037 1950 1082 suo
1994 1038 2036 1081 a
2080 1015 2372 1083 Domino
2430 1013 2888 1091 Londoniensi,

524 1146 716 1209 Abbot,
795 1116 1114 1199 Gilberto,
1144 1123 1578 1206 cognomento
1608 1125 1645 1152 “
1675 1116 2003 1198 Folioth,''
2045 1117 2233 1184 nulla
2259 1116 2681 1205 professionis
2709 1138 2889 1181 men·

465 1212 727 1332 -1122-71-333
792 1220 994 1301 tione,
1040 1220 1172 1286 nisi
1204 1221 1518 1286 Romanae
1547 1220 1872 1287 Ecclesiae.
1965 1220 2058 1285 Et
2101 1221 2175 1286 in
2221 1221 2364 1308 ipsa
2406 1217 2886 1298 benedictione,

547 1373 682 1387 ....
731 1318 744 1333 ”
790 1328 1064 1390 ornatus
1105 1329 1210 1390 est
1253 1323 1743 1410 pontificalibus
1789 1323 2113 1411 insigniis.

766 1514 771 1519 ·
883 1515 982 1582 De
1016 1501 1349 1603 probitate
1390 1512 1717 1594 simnia,
1763 1511 2068 1680 Ξῖὥξωω
2112 1510 2296 1579 dass
2338 1509 2652 1579 Εωιωῑω
2687 1530 2814 1598 per

1686 1636 1771 1681 eu
1929 1636 1990 1683 η.

461 1752 640 1834 ΛΡΜ
886 1756 1155 1844 Symon.
1249 1757 1387 1823 Iste
1429 1756 1536 1821 vir
1578 1755 1919 1821 litteratus
1962 1759 2033 1820 et
2076 1753 2343 1819 moralis
2386 1773 2645 1818 omnem
2691 1772 2886 1838 quam

457 1820 762 1953 ἓξὲξ-ἐξ,-
796 1860 1017 1946 potuit
1074 1858 1489 1947 diligentiam
1549 1857 1859 1923 adhibuit
1903 1855 2222 1921 Ordinem
2281 1854 2607 1921 sustinere
2656 1859 2727 1920 et
2770 1853 2888 1918 ad-

459 1953 771 2020 oflenrning.
795 1983 1051 2048 augere,
1096 1969 1167 2027 et
1211 1962 1300 2027 ad
1343 1961 1646 2026 habitum
1713 1960 2096 2025 monasticae
2158 1958 2497 2046 religionis
2543 1957 2720 2023 viros
2770 1957 2887 2021 ho-

793 2070 1017 2130 nestos
1084 2068 1154 2129 et
1214 2063 1552 2128 litteratos
1613 2060 1948 2127 attrahere
2009 2066 2080 2126 et
2124 2081 2557 2148 congregare;
2618 2058 2889 2125 natione

793 2169 1070 2257 Anglus,
1114 2190 1156 2233 a
1198 2168 1429 2256 primis
1491 2167 1685 2232 annis
1746 2167 1819 2231 in
1883 2165 2168 2232 claustro
2224 2170 2321 2231 et·
2357 2165 2573 2252 rigore
2620 2163 2889 2231 Ordinis

793 2273 1124 2340 educatus.
1217 2273 1376 2353 Iste,
1408 2277 1761 2359 postquam
1789 2271 2065 2337 feliciter
2107 2271 2182 2335 in
2226 2292 2451 2336 curam
2494 2266 2890 2361 pastoralem

793 2380 896 2442 est
941 2381 1338 2463 assumptus,
1384 2396 1522 2441 non
1569 2357 1768 2440 desiit
1825 2373 2031 2439 libros
2090 2373 2391 2461 optimoS,
2436 2377 2506 2438 et
2550 2370 2890 2436 volumina

793 2479 1174 2544 authentica
1218 2482 1291 2544 et
1333 2477 1637 2566 glossam,
1697 2481 1840 2541 tam
1886 2474 2069 2542 Novi
2113 2498 2309 2562 quam
2356 2474 2620 2541 Veteris
2664 2474 2890 2539 Testa-

793 2582 1022 2660 menti,
1085 2581 1328 2667 quibus
1389 2602 1527 2645 non
1587 2579 1882 2645 vidimus
1942 2578 2285 2660 nobiliora,
2346 2576 2642 2654 scribere,
2690 2579 2760 2641 et
2803 2574 2890 2640 ad

793 2705 1083 2770 unguem
1126 2681 1791 2769 irreprehensibiliter
1832 2701 2220 2769 praeparare.
2328 2679 2621 2760 Quorum
2665 2700 2892 2743 nume-

454 2803 628 2856 Books
793 2807 941 2849 rum
1005 2784 1276 2871 longum
1343 2784 1510 2849 foret
1573 2785 1917 2871 explicare.
2032 2783 2165 2850 Sed
2209 2783 2325 2868 qui
2385 2782 2643 2849 eosdem
2687 2780 2889 2846 libros

455 2871 695 2991 ffizffig
795 2886 1017 2952 videre
1061 2885 1410 2967 desiderat,
1455 2886 1527 2951 in
1570 2884 1586 2923 ¹
1619 2885 1891 2951 almario
1934 2885 2132 2973 picto,
2162 2884 2339 2971 quod
2367 2888 2469 2949 est
2510 2885 2585 2948 in
2628 2883 2893 2948 ecclesia

695 2978 709 2989 ’
793 2994 1022 3056 contra
1063 2990 1366 3055 tumbam
1415 2989 1645 3055 Sancti
1677 2989 1937 3076 Rogeri‚
1973 2988 2357 3069 Heremitae‚
2393 2987 2594 3074 (quod
2639 2990 2709 3051 et
2749 2986 2891 3072 ipse

793 3092 1106 3180 praecepit
1182 3093 1268 3157 ad
1343 3092 1467 3158 hoc
1541 3093 1916 3179 specialiter
1989 3092 2179 3179 fieri,)
2249 3091 2569 3179 repositos
2640 3087 2890 3177 poterit

791 3195 1115 3281 reperire3
1181 3200 1252 3261 et
1298 3195 1513 3282 qualis
1575 3186 1835 3261 amator
1882 3194 2375 3282 Scripturarum
2436 3191 2616 3258 idem
2657 3191 2889 3258 Abbas

792 3297 1116 3376 extiterit,
1160 3319 1278 3384 per
1323 3297 1498 3383 ipsos
1542 3298 1957 3385 perpendere.

938 3486 1192 3553 Mutua
1234 3485 1556 3555 amicitia
1598 3487 1784 3553 inter
1828 3486 1882 3550 A
1900 3485 2153 3552 bbatem
2197 3484 2226 3522 ⁹
2248 3484 2361 3571 [et]
2412 3482 2738 3552 Thomm

1554 3588 2127 3655 Cantuariense‘m.

456 3710 634 3762 Abbot
885 3713 1106 3800 Hujus
1152 3735 1425 3801 quoque
1491 3719 1784 3802 tempore
1844 3737 2071 3802 passus
2133 3719 2235 3780 est
2297 3713 2543 3780 Beatus
2589 3712 2888 3793 Thomas,
3012 3782 3019 3797 ,

458 3777 627 3828 Simon
652 3794 770 3829 con·
1098 3817 1112 3831 .
1236 3817 1251 3831 .
1525 3817 1540 3832 .
1633 3816 1654 3831 .,
2158 3817 2174 3832 .
2251 3816 2265 3830 .
2799 3816 2813 3831 .

457 3845 591 3894 soles
614 3845 688 3896 St.
797 3815 1288 3882 Cantuariensis
1340 3817 1902 3906 ArchJeplscopuS,
1963 3816 2448 3883 acerbisslmam
2498 3822 2888 3903 persecutlo-

452 3909 773 4043 ffissfflop
795 3939 964 3991 nem,
993 3923 1063 3984 et
1105 3919 1639 4006 proscriptionem
1687 3920 1821 3987 fere
1867 3919 2330 4006 septennalem.
2422 3917 2555 3984 Sed
2598 3922 2667 3983 et
2706 3923 2890 3996 tuno,

455 4044 515 4092 of
531 4045 738 4096 Canter-
797 4027 865 4086 et
907 4028 1064 4086 ante
1108 4023 1474 4108 passionem
1528 4045 1733 4101 suam,
1795 4022 2120 4110 praecipue
2178 4021 2353 4087 hunc
2410 4021 2742 4087 Abbatem
2787 4021 2889 4087 Si-

457 4110 766 4231 ffi'tiign?
791 4143 1068 4202 monem,
1132 4123 1199 4187 in
1249 4123 1433 4188 nullo
1478 4124 1606 4189 sibi
1666 4125 2032 4213 obligatum
2091 4124 2200 4189 vel
2249 4123 2402 4209 jure
2464 4122 2887 4208 subjectionis

789 4226 1152 4303 astrictum,
1199 4230 1635 4311 spontaneum
1681 4248 1758 4291 ac
1802 4225 2142 4313 specialem
2189 4224 2425 4290 habuit
2470 4223 2499 4261 ⁸
2520 4225 2886 4291 consolato-

787 4349 939 4393 rem.
1010 4327 1212 4393 Unde
1240 4327 1523 4415 contigit
1550 4333 1629 4392 ut
1658 4328 1728 4391 in
1760 4327 2077 4393 Adventu
2102 4327 2391 4404 Domini,
2420 4326 2592 4392 circa
2612 4326 2885 4413 Festum

788 4429 1048 4498 Sanctae
1092 4431 1333 4508 Lucius,
1394 4430 1573 4495 idem
1628 4430 2193 4517 Archiepiscopus,
2255 4429 2538 4496 Sanctus
2583 4427 2885 4509 Thomas,

2802 4574 2863 4581 .-

855 4646 870 4677 ¹
909 4646 1004 4697 See
1027 4662 1155 4710 page
1182 4652 1292 4703 192,
1309 4654 1439 4713 post.
1945 4644 1968 4677 ³
2001 4652 2049 4695 et
2092 4646 2247 4695 sensit
2287 4643 2648 4709 consolatorem,
2681 4644 2732 4695 in
2767 4644 2883 4697 MS,

850 4726 871 4759 '2
907 4726 1132 4779 Omitted
1153 4727 1209 4776 in
1232 4727 1345 4780 MS.
1373 4726 1618 4780 Claudius
1637 4728 1698 4779 E.
1721 4726 1788 4778 iv,
1878 4726 2017 4777 Nero
2037 4727 2103 4778 D.
2127 4725 2160 4777 i.
