3450 5717
536 1061 723 1126 Roger,

567 1130 688 1178 2⁴th

536 1197 728 1257 Abbot‚

558 1264 692 1314 AD.

503 1337 526 1380 1
538 1336 745 1381 260-90.

807 822 937 918 416
1562 872 1776 922 GESTA
1822 872 2148 924 ABBATUM

808 1081 849 1122 a
894 1058 1000 1124 die
1049 1059 1308 1127 Sanctae
1369 1060 1720 1128 Trinitatis
1784 1064 1857 1129 in
1902 1065 2276 1151 quindecim
2324 1066 2480 1148 dies,
2527 1067 2902 1156 ubicunque

806 1168 865 1227 et
911 1169 1157 1240 (κρέατα,
1231 1164 1573 1230 duodecim
1622 1174 1681 1232 ct
1741 1175 1989 1247 caetera,
2039 1191 2153 1257 per
2213 1191 2375 1256 quos
2419 1177 2480 1236 et
2540 1178 2788 1249 coetera,
2834 1180 2905 1238 et

804 1265 919 1350 qui
952 1287 1070 1332 nec
1099 1273 1158 1331 et
1188 1273 1437 1346 coetera,
1470 1268 1553 1332 ad
1601 1272 2197 1357 recognoscendum
2227 1273 2299 1337 in
2328 1273 2539 1338 forma.
2569 1276 2908 1361 praedicta,

804 1376 863 1434 et
910 1376 1158 1435 ecetera.

890 1471 981 1538 Et
1034 1475 1250 1559 quoad
1305 1475 1698 1560 praedictum
1751 1497 2042 1562 pannum
2093 1479 2174 1543 de
2220 1485 2496 1557 russeto‚
2558 1482 2900 1568 respondit

795 1576 1152 1662 praedictus
1196 1577 1485 1643 ballivus
1536 1601 1656 1665 pro
1687 1578 1953 1645 domino
2002 1603 2119 1646 suo
2169 1587 2240 1647 et
2284 1584 2586 1649 omnibus
2617 1586 2783 1666 aliis,
2829 1592 2901 1652 et

793 1678 1021 1744 Abbas
1049 1678 1171 1744 hoe
1200 1680 1367 1745 bene
1409 1680 1691 1747 advocat
1736 1688 1805 1748 et
1851 1682 2031 1761 dicit,
2063 1685 2240 1769 quod
2281 1686 2636 1771 praedietus
2665 1686 2896 1752 Abbas

794 1781 993 1848 habet
1056 1782 1127 1846 in
1188 1783 1352 1848 villa
1428 1772 1768 1871 quoddam
1829 1785 2281 1852 molendinum
2367 1787 2709 1869 fullonare,
2774 1789 2892 1854 ubi

792 1906 1073 1970 praesens
1118 1885 1462 1965 HenricuS‚
1512 1892 1581 1952 et
1610 1909 1839 1953 omnes
1868 1892 2312 1955 antecessores
2343 1890 2467 1970 sui,
2517 1891 2777 1969 debent,
2821 1898 2894 1958 et

789 1989 1023 2069 solent,
1055 1989 1287 2055 fullare
1316 2011 1568 2077 pannos
1597 2012 1767 2069 suos,
1812 1997 1881 2057 et
1925 1992 2215 2057 maxime
2244 2015 2497 2080 pannos
2528 1994 2707 2060 viles.
2799 1996 2894 2061 Et

789 2091 945 2176 quia.
973 2091 1149 2158 idem
1184 2091 1509 2158 Henricus
1554 2094 1804 2159 levavit
1834 2094 2184 2180 quemdam
2227 2099 2534 2160 truncum
2579 2097 2650 2160 in
2697 2097 2892 2163 domo

788 2216 908 2259 sua.
964 2196 1049 2262 ad
1110 2195 1476 2262 fullandum
1540 2219 1810 2284 pannOS,
1855 2198 1930 2263 in
1989 2198 2444 2285 praejudicium
2487 2198 2880 2266 libertatum

786 2298 1085 2383 praedicti
1131 2299 1435 2382 Abbatis‚
1481 2305 1551 2365 et
1613 2301 1894 2367 ecclesiae
1937 2323 2075 2367 suae
2121 2302 2475 2387 praedietae,
2525 2302 2699 2389 cepit
2743 2304 2884 2390 ipse

786 2401 1170 2487 praedictum
1205 2424 1500 2488 pannum
1531 2403 1796 2469 nomine
1842 2403 2287 2482 districtionis
2319 2425 2659 2490 quousque
2706 2405 2887 2470 idem

788 2504 1116 2572 Henricus
1161 2505 1550 2572 satisfecerit
1582 2506 1869 2571 Domino
1900 2504 2156 2570 Abbati
2196 2506 2278 2572 de
2323 2506 2642 2592 praedicta.
2672 2512 2887 2573 trans·-

782 2607 1127 2693 gressione.
1218 2607 1311 2674 Et
1362 2608 1540 2694 quod
1577 2608 1717 2695 ipse
1764 2607 2114 2687 Esuriens,
2163 2613 2232 2674 et
2279 2613 2717 2675 antecessores
2759 2610 2886 2690 sui,

784 2732 1122 2797 nunquam
1168 2711 1438 2776 fuerunt
1466 2711 1540 2776 in
1568 2710 1810 2777 seisina
1837 2710 2117 2775 fullandi
2148 2710 2223 2775 in
2252 2710 2449 2777 domo
2478 2733 2599 2776 sua
2627 2712 2886 2798 aliquos

783 2835 1050 2900 pannos,
1111 2819 1180 2880 et
1232 2812 1517 2879 maxime
1577 2835 1830 2900 pannos
1890 2812 2075 2891 viles,
2140 2818 2224 2879 ut
2303 2813 2696 2900 praedictum
2759 2822 2883 2896 est,

782 2916 1005 2997 imm0‚
1039 2938 1295 3003 semper
1323 2916 1410 2981 ad
1456 2916 1911 2981 molendinum
1941 2915 2211 2981 fullonis
2242 2916 2542 3002 praedicti
2575 2916 2886 2997 Abbatis,

780 3020 973 3105 ponit
1016 3042 1084 3085 se
1129 3041 1326 3106 super
1368 3018 1670 3106 patriam.

870 3121 961 3187 Et
993 3122 1321 3187 Henrieus
1350 3122 1512 3187 dicit
1545 3119 1721 3208 quod
1766 3120 1921 3208 ipse,
1956 3125 2025 3187 et
2069 3125 2505 3189 antecessores
2548 3123 2670 3201 sui,
2714 3144 2884 3189 sem-

778 3248 895 3312 per
939 3226 1021 3291 de
1071 3225 1225 3312 jure
1283 3224 1518 3291 fullare
1568 3224 1814 3290 debent
1871 3245 2125 3311 pannos
2177 3246 2327 3291 suos
2387 3226 2455 3290 in
2512 3226 2706 3293 domo
2758 3248 2881 3291 sua

777 3329 1055 3417 propria,
1090 3328 1199 3395 vel
1228 3328 1406 3409 alibi,
1439 3349 1558 3415 pro
1586 3327 1938 3393 voluntate
1968 3350 2089 3393 sua
2115 3351 2136 3408 ;
2191 3349 2313 3394 nee
2357 3327 2583 3407 solent,
2616 3350 2737 3395 nec
2766 3329 2882 3395 de-

777 3434 953 3511 bent,
984 3453 1239 3519 pannos
1283 3452 1433 3496 suos
1480 3430 1663 3509 vileS,
1692 3451 1906 3518 neque
1958 3430 2140 3510 alios,
2172 3430 2407 3497 fullare
2435 3431 2521 3497 ad
2553 3432 2880 3497 molendi-

776 3562 939 3605 num
968 3538 1176 3626 ipsius
1207 3537 1507 3616 Abbatis‚
1541 3537 1671 3601 nisi
1702 3557 1822 3623 pro
1852 3536 2199 3603 voluntate
2249 3558 2386 3604 sua.
2484 3536 2575 3603 Et
2623 3537 2706 3603 de
2750 3538 2874 3605 hoc

774 3644 965 3730 ponit
993 3663 1062 3707 se
1091 3663 1288 3728 super
1316 3640 1602 3728 patriam
1631 3664 1648 3720 ;
1686 3644 1758 3705 et
1787 3639 2018 3705 Abbas
2050 3645 2119 3706 et
2149 3661 2376 3706 omnes
2406 3640 2524 3705 alii
2552 3640 2876 3707 similiter.

864 3745 1026 3811 Ideo
1091 3748 1492 3831 praeceptum
1545 3748 1648 3808 est
1707 3742 2111 3822 Vicecomiti,
2168 3742 2346 3829 quod
2398 3742 2628 3809 venire
2673 3743 2875 3810 faciat

772 3857 832 3915 et
860 3855 1111 3926 coetcra,
1160 3845 1501 3912 duodecim
1553 3851 1614 3911 et
1662 3851 1913 3925 coetera,
1968 3844 2055 3909 ad
2107 3845 2458 3932 praefatum
2505 3853 2564 3912 et
2625 3853 2877 3923 coetera,

770 3973 888 4039 per
933 3970 1098 4036 quos
1145 3954 1205 4014 et
1252 3953 1504 4024 coetera,
1549 3953 1619 4014 et
1666 3947 1785 4033 qui
1824 3969 1947 4012 nec
1993 3953 2053 4013 ct
2095 3953 2350 4027 coetera,
2402 3948 2490 4013 ad
2533 3968 2874 4033 recognos-

771 4055 1049 4120 cendum
1117 4052 1189 4115 in
1232 4049 1445 4116 forma,
1484 4050 1818 4137 praedicta,
1872 4056 1932 4116 et
1990 4055 2244 4118 caete‘ra.
2350 4049 2398 4115 J
2397 4050 2574 4117 urati
2619 4051 2872 4134 dicunt,

769 4179 965 4244 super
1025 4158 1508 4222 sacramentum
1581 4174 1792 4229 suum,
1852 4152 2028 4239 quod
2095 4152 2394 4219 homines
2468 4153 2551 4219 de
2627 4154 2876 4221 Sancto

769 4259 1054 4338 Albano,
1105 4280 1147 4322 a
1203 4261 1500 4342 tempore
1553 4275 1685 4341 quo
1737 4275 1875 4319 non
1935 4255 2183 4321 existat
2240 4257 2574 4333 memoria,
2635 4257 2873 4340 solent,

771 4368 841 4428 et
890 4360 1152 4441 debent,
1198 4359 1423 4424 venire
1476 4356 1562 4423 ad
1609 4356 2062 4423 molendinum
2093 4358 2392 4445 praedicti
2436 4357 2745 4439 Amatis,
2803 4366 2875 4427 et

768 4464 968 4529 blada
1021 4484 1143 4527 sua
1188 4461 1262 4526 in
1308 4461 1539 4527 eodem
1591 4458 1850 4538 molere,
1898 4465 1969 4526 et
2013 4482 2156 4526 non.
2208 4460 2385 4526 alibi.
2495 4460 2587 4526 Et
2632 4460 2878 4529 dicunt

767 4566 946 4652 quod
991 4564 1260 4651 quidam
1304 4563 1386 4629 de
1430 4563 1625 4630 dictis
1653 4562 2030 4629 hominibus
2057 4563 2415 4629 veniebant
2455 4562 2541 4629 ad
2585 4562 2878 4630 aliorum

769 4668 1160 4744 molendina,
1197 4672 1265 4732 et
1310 4667 1405 4732 ibi
1455 4666 1785 4733 faciebant
1829 4665 2073 4732 molere
2100 4666 2300 4731 blada
2342 4687 2478 4731 sua.
2579 4665 2671 4731 Et
2716 4687 2875 4733 cum

752 4772 924 4841 -inde
949 4771 1229 4836 fuissent
1273 4768 1577 4848 convicti,
1609 4769 1810 4835 blada
1852 4767 1984 4847 illa,
2031 4791 2111 4835 ea.
2152 4764 2500 4846 occasione,
2532 4790 2651 4859 per
2683 4768 2880 4856 judi-
