3450 5717
797 796 933 860 400
1554 806 1772 859 GESTA
1816 807 2141 859 ABBATUM

519 997 709 1063 Roget,
798 994 1082 1061 minatio
1151 995 1492 1060 electionis
1536 994 1687 1060 aliis
1756 994 2013 1061 duobus
2059 993 2542 1062 Cardinalibua
2649 995 2907 1062 Deinde

524 1064 719 1192 22²ss&
799 1096 976 1162 facta
1020 1091 1346 1163 relatione
1413 1119 1533 1185 per
1603 1098 1883 1177 eosdem,
1945 1098 2131 1182 Papa
2196 1097 2621 1163 confirmavit
2687 1098 2910 1163 electi-

492 1195 739 1314 niel-3550.
801 1220 1010 1277 onem,
1064 1200 1354 1277 mittens,
1401 1204 1602 1286 prout
1647 1200 1849 1265 moris
1903 1203 2022 1277 est,
2087 1199 2312 1265 Bullas
2362 1197 2576 1264 Priori
2621 1203 2692 1265 et
2737 1199 2909 1267 Con·

544 1355 680 1370 ..-..
799 1302 1053 1379 ventui,
1084 1302 1167 1368 de
1212 1301 1708 1367 confirmatione
1739 1301 2095 1380 electionis,
2129 1306 2202 1367 et
2238 1301 2620 1368 obedientia
2655 1302 2912 1391 impen-

454 1395 732 1514 Qffi-
801 1403 1022 1468 denda
1052 1402 1297 1469 electo:
1347 1404 1514 1469 dans
1544 1403 1748 1469 etiam
1778 1402 1991 1469 eidem
2022 1402 2253 1469 Bullas
2296 1403 2380 1469 de
2409 1404 2910 1471 confirmatione

454 1528 563 1580 tain
584 1528 730 1578 Bana
800 1527 939 1593 sua,
1019 1510 1089 1571 et
1164 1504 1329 1570 alias
1411 1504 1756 1592 Episcopis
1835 1504 2283 1571 Londoniensi
2357 1510 2429 1572 et
2504 1505 2759 1572 Eliensi
2822 1506 2905 1573 de

453 1592 684 1728 {w
798 1605 1255 1672 benedictione
1297 1605 1556 1672 Abbati
1617 1607 1705 1672 im
1713 1606 2079 1693 pendenda.

327 1762 333 1767 .
456 1739 638 1790 Abbot
889 1708 1386 1795 Consequenter
1430 1708 1618 1776 misit
1670 1708 1856 1795 Papa
1907 1708 2197 1775 Domino
2245 1707 2416 1796 Regi
2458 1707 2721 1775 litteras
2786 1730 2907 1796 pro

453 1805 725 1922 3988Υὲ
800 1809 1067 1877 Abbate
1109 1814 1181 1876 et
1222 1810 1450 1877 liberis
1495 1810 1880 1877 hominibus
1921 1815 2119 1877 terrae
2158 1810 2391 1876 Sancti
2430 1810 2699 1889 Albani,
2727 1811 2905 1897 quod

455 1886 644 1988 ἓῇἷῑῗῃ
726 1885 776 1921 θ’
801 1911 1056 1978 Abbati
1102 1910 1416 1979 obediant
1458 1917 1531 1979 et
1575 1912 1949 1981 intendant.
2039 1911 2345 1999 Suscepit
2394 1916 2620 1978 autem
2662 1933 2909 1977 munus

454 2002 759 2120 goffiotheof
799 2014 1276 2081 benedictionis
1341 2036 1383 2080 a
1428 2014 1623 2081 dictis
1674 2014 2035 2102 Episcopis,
2084 2013 2436 2079 assistente
2489 2013 2752 2079 Abbate
2818 2013 2908 2079 de

456 2084 673 2185 ωαὲἒῖ
800 2117 1158 2195 waltham,
1205 2117 1279 2182 in
1328 2116 1619 2184 Ecclesia
1663 2117 1861 2183 Beati
1895 2116 2160 2197 Anum,
2207 2121 2366 2182 ante
2409 2115 2625 2201 majus
2674 2116 2907 2196 altare,

455 2202 760 2319 ‘fleg-¹333&
800 2218 1149 2284 Dominica
1203 2218 1380 2284 infra
1461 2219 1704 2285 Natale
1759 2218 2052 2300 Domini,
2122 2237 2300 2283 anno
2368 2216 2717 2283 millesimo
2785 2218 2909 2282 du·

797 2321 1154 2387 centesimo
1200 2320 1607 2408 sexagesimo
1659 2320 1877 2387 tertio.

796 2519 1155 2588 Proca-esus
1197 2519 1714 2609 adquisitionis,
1760 2542 1880 2588 seu
1942 2519 2418 2601 restitutionis,
2464 2516 2780 2586 Mami
2824 2516 2908 2584 de

978 2624 1392 2703 C'lzildewilcc,
1448 2647 1579 2712 per
1651 2624 2068 2712 praedictum
2155 2623 2482 2691 Abbatem
2545 2644 2672 2689 suo
2737 2621 2908 2687 Con·

973 2725 1211 2792 ventui
1251 2724 1607 2812 assiqnati.

455 2858 569 2910 The
586 2856 774 2923 Abbey
888 2853 1184 2942 Rogerus
1252 2855 1476 2943 igitur,
1550 2877 1748 2942 quem
1805 2877 1849 2921 a
1908 2855 2222 2942 primaevo
2289 2853 2673 2939 juventutis
2741 2854 2905 2921 flore

455 2923 727 3041 fissffihtffi
797 2957 960 3023 vitae
1004 2957 1322 3024 sanctitas
1367 2965 1437 3024 et
1479 2980 1739 3024 morum
1790 2959 2089 3045 gravitas
2133 2957 2704 3038 commendabant,
2770 2979 2907 3024 me·

452 3055 647 3172 ssaetf
798 3059 932 3124 rito
978 3059 1191 3126 factus
1230 3059 1478 3138 Abbas,
1519 3060 1806 3127 ecclesiae
1849 3081 1988 3126 suae
2018 3059 2557 3125 commendabilis
2597 3059 2909 3145 praefuit3

452 3189 641 3254 Roget.
800 3165 941 3226 tam
982 3160 1288 3227 doctrina
1326 3183 1526 3248 quam
1574 3161 1893 3248 exemplis
1936 3162 2178 3227 fratres
2217 3162 2593 3239 instituens,
2637 3167 2708 3227 et
2748 3163 2908 3247 jura

799 3263 1119 3349 priorum,
1174 3263 1418 3329 amissa
1469 3263 1742 3344 desidia,
1796 3262 2158 3350 prudenter
2214 3264 2590 3343 restituens,
2647 3262 2908 3349 aliaque

799 3365 993 3452 plura
1035 3365 1199 3431 satis
1227 3365 1582 3452 adquirens
1607 3391 1623 3448 ;
1666 3387 1786 3453 per
1815 3387 1964 3452 quae
1996 3366 2473 3432 Monasterium
2511 3387 2706 3432 suum
2733 3364 2908 3430 mul-

797 3467 1114 3555 tipliciter
1158 3467 1566 3549 nobilitavit,
1612 3467 1881 3549 ditavit,
1935 3472 2006 3534 et
2048 3467 2422 3535 honoravit.

457 3579 672 3647 Rumity
889 3568 1065 3636 Sane
1112 3591 1263 3636 cum
1309 3570 1451 3656 ejus
1496 3576 1814 3656 tempore,
1864 3568 2134 3654 quidam
2187 3569 2397 3650 miles,
2449 3569 2716 3649 scilieet,
2769 3568 2908 3634 Do-

455 3647 754 3780 ffiffissy
802 3670 1022 3737 minus
1076 3671 1412 3738 cam-idus
1477 3672 1560 3738 ‹10
1610 3671 2009 3751 effidem,
2051 3669 2281 3736 multis
2347 3691 2425 3736 ae
2476 3670 2756 3737 diversis
2804 3671 2909 3737 in-

454 3780 526 3845 b!
549 3779 636 3831 sir
792 3773 1123 3859 juriarum
1159 3773 1460 3862 procellis
1502 3773 1864 3840 Ecclesiam
1901 3777 2201 3840 nostram
2250 3773 2333 3839 de
2362 3774 2609 3840 Sancto
2637 3772 2904 3839 Albano

452 3844 778 3964 W
803 3875 1042 3963 saepius
1087 3875 1421 3964 fatigavit,
1480 3880 1676 3942 tanto
1719 3876 1861 3962 ejus
1919 3875 2409 3963 persecutiones
2449 3875 2721 3962 gravius
2764 3897 2909 3941 sus-

802 3978 1029 4060 tinuit,
1098 3983 1354 4064 quanto
1421 3977 1719 4066 homagii
1800 3977 2067 4045 vinculo
2139 3977 2496 4043 tenebatur
2571 3976 2903 4043 obnixius,

453 4085 742 4205 {hegumeni
804 4080 931 4146 Oui
983 4080 1312 4147 mentitus
1373 4085 1493 4162 est,
1542 4085 1612 4146 et
1653 4079 1943 4146 infidelis
1993 4080 2227 4161 factus,
2311 4078 2427 4145 sed
2487 4101 2744 4167 semper
2798 4079 2909 4143 in-

449 4171 659 4273 hmm
679 4155 759 4207 ¹¹¹⁸
801 4182 965 4249 cidit
1014 4184 1086 4249 in
1154 4182 1413 4249 foveam
1465 4204 1663 4270 quam
1727 4181 1930 4262 fecit3
1995 4180 2154 4247 dum
2225 4180 2405 4247 enim
2468 4180 2904 4246 inexorabilis

798 4289 869 4349 et
926 4284 1288 4352 indefessus
1353 4284 1688 4351 libertatis
1747 4288 1995 4350 nostrae
2056 4283 2324 4349 invasor
2365 4283 2703 4358 extiterat,
2777 4282 2905 4348 mi-

794 4387 1088 4453 raculose
1127 4387 1383 4474 judicio
1444 4385 1724 4453 ultionis
1805 4385 2056 4450 malum
2118 4385 2194 4451 in
2244 4406 2438 4451 suum
2496 4384 2906 4451 redundavit

795 4494 1151 4568 auctorem,
1233 4490 1315 4556 de
1397 4508 1529 4576 quo
1589 4488 1856 4554 locutus
1924 4493 2026 4553 est
2107 4484 2578 4575 Propheta,—-¹
2602 4493 2641 4525 ‘⁸
2673 4487 2769 4552 Et
2827 4486 2902 4552 in

1305 4679 1732 4741 ¹Poa12nviL163
1767 4695 1829 4732 or
1859 4679 2040 4732 Jerem.
2064 4679 2212 4732 xxiii.
2240 4685 2318 4733 19.
