3450 5717
1047 831 1474 883 mensumn
1519 829 1771 882 men
1815 827 2094 881 unm
2546 818 2627 882 91

527 1064 534 1068 -
603 1015 1065 1082 “Adolescens
1093 1018 1337 1094 autem,
1358 1015 1434 1080 in
1461 1012 1652 1082 brevi
1679 1013 2071 1094 infirmatus,
2091 1013 2354 1104 rogavit
2383 1015 2632 1103 Regem
2693 1006 2948 1074 Geoffiey.

2760 1074 2879 1127 leth

515 1130 552 1157 ‘⁸
598 1125 679 1186 ut
744 1117 1198 1205 requiesceret,
1260 1136 1673 1184 commorans
1748 1116 1970 1206 aliquo
2030 1117 2189 1185 loeo.
2313 1116 2411 1183 At
2484 1119 2634 1184 Rex
2723 1140 2914 1202 Abbot.

517 1231 551 1259 “
595 1221 783 1289 misit
825 1221 1016 1287 illum
1060 1221 1148 1287 ad
1215 1219 1538 1287 Sanctum
1581 1219 1938 1299 Albanum,
2005 1224 2087 1287 ut
2145 1219 2259 1300 ibi,
2306 1220 2381 1285 in
2424 1221 2637 1287 tutela
2748 1208 2884 1259 AJ).

2700 1280 2858 1327 1119-
2861 1277 2942 1325 46.

520 1332 561 1363 “
603 1324 888 1392 Abbatis
951 1344 1379 1403 commorans,
1440 1323 1815 1411 respiraret.
1908 1324 2101 1404 Quod
2142 1323 2374 1390 Abbas
2418 1344 2639 1412 accep·
2754 1370 2889 1382 --

523 1438 557 1464 “
603 1433 772 1507 tans,
819 1446 990 1506 eum,
1033 1426 1122 1492 ad
1170 1426 1373 1515 Regis
1407 1425 1821 1513 petitionem,
1869 1430 1939 1492 et
1986 1426 2267 1493 delicate
2310 1426 2637 1506 educavit,

525 1541 559 1570 “
604 1536 673 1597 et
715 1529 962 1595 instrui
1008 1528 1300 1595 civiliter
1341 1528 1676 1616 praecepit.
1772 1528 1864 1594 Et
1906 1532 2061 1616 post
2110 1550 2350 1616 paucos
2418 1550 2642 1607 annos,

524 1643 559 1672 “
603 1636 934 1700 venerunt
976 1631 1062 1698 de
1106 1635 1471 1698 memorato
1512 1631 1782 1697 Ducatu
1827 1631 2146 1698 solemnes
2176 1631 2423 1712 nuncii,
2470 1654 2642 1697 nun-

528 1742 564 1771 “
609 1736 860 1802 ciantes
905 1734 1095 1822 Regi,
1140 1734 1319 1821 quod
1363 1739 1667 1800 mortuus
1711 1739 1887 1800 esset
1930 1734 2108 1814 Dux,
2155 1735 2288 1800 sibi
2332 1734 2645 1801 amicissi-

529 1847 564 1874 “
609 1859 774 1903 mus.
867 1836 1309 1903 Postulabant
1354 1835 1558 1901 etiam
1604 1836 1952 1902 dominum
1998 1858 2192 1902 suum
2251 1837 2645 1915 naturalem,
2658 1842 2663 1847 ’

534 1947 571 1976 “
616 1940 871 2006 dictum
932 1938 1275 2026 juvenem,
1316 1938 1646 2005 haeredem
1694 1938 1923 2019 Ducis,
1994 1960 2192 2025 quem
2258 1944 2408 2005 tota
2472 1945 2653 2006 terra

533 2052 568 2080 ‘⁶
611 2042 1141 2130 praestolabatur.
1235 2041 1328 2108 Et
1357 2040 1520 2107 'Rex
1563 2036 1799 2157 ipsum,
1839 2041 1986 2127 jam
2029 2041 2284 2108 factum
2346 2043 2651 2123 militem,

535 2156 568 2182 “
615 2146 910 2213 ditatum
952 2143 1184 2211 multis
1229 2142 1590 2224 donativiS‚
1645 2143 1721 2208 in
1767 2165 2022 2210 recessu
2052 2164 2190 2223 suo,
2238 2144 2332 2210 sic
2374 2150 2654 2232 paterno

537 2258 574 2285 “
617 2248 865 2316 affectu
893 2247 1178 2329 affatur3
1179 2285 1268 2296 —
1268 2247 1457 2326 ‘Fili,
1491 2267 1893 2313 commorare
1921 2269 2195 2326 mecum,
2225 2252 2296 2314 et
2316 2248 2555 2315 faciam
2588 2253 2652 2316 te

541 2358 582 2389 “
619 2353 741 2417 ‘in
785 2355 1056 2439 gentem
1102 2371 1413 2437 magnam
1473 2353 1543 2415 et
1588 2349 1842 2438 amplas
1887 2350 2326 2438 possessiones
2371 2350 2653 2431 dilatari,

543 2460 582 2490 “
627 2461 646 2489 ‘
674 2457 743 2520 et
789 2452 1136 2531 dominari,
1180 2451 1333 2541 plus
1361 2473 1565 2539 quam
1593 2453 1669 2517 in
1697 2451 1920 2541 patria
1950 2448 2112 2519 tua.’
2200 2453 2330 2520 Cui
2364 2452 2651 2539 juvenis,

541 2565 579 2595 “
625 2555 969 2624 dulcedine
1034 2554 1282 2621 natalis
1343 2554 1583 2642 patriae
1647 2558 1886 2635 taetus,
1951 2555 2052 2619 ait
2077 2562 2203 2634 ;—‘
2231 2554 2453 2633 Absit,
2515 2556 2650 2624 Do-

553 2666 592 2696 “
639 2668 658 2694 ‘
684 2659 906 2738 mine;
949 2658 1067 2724 sed
1109 2662 1264 2746 peto
1308 2679 1536 2736 unum,
1582 2657 1761 2742 quod
1805 2677 1943 2721 non
1987 2656 2115 2722 erit
2176 2656 2368 2723 vobis
2411 2659 2651 2746 grave.³

547 2768 586 2796 “
627 2760 653 2799 ¹
671 2761 795 2827 Ait
841 2761 1116 2837 ἤιε-ί
1135 2760 1317 2839 Pete,
1362 2781 1500 2824 non
1543 2759 1795 2846 patiere
1823 2756 2189 2846 repulsam!
2277 2759 2368 2826 Et
2408 2761 2519 2827 ille
2545 2785 2654 2842 3—-

548 2874 584 2901 “
631 2874 648 2900 ‘
679 2862 958 2930 Misistis
1020 2883 1125 2927 me
1199 2861 1288 2928 ad
1361 2861 1583 2928 nobile
1650 2862 2028 2929 coenobium
2075 2860 2302 2929 Sancti
2386 2863 2653 2945 Albani,

548 2974 589 3005 “
631 2977 650 3002 ‘
679 2965 1113 3046 educandum,
1174 2964 1296 3030 ubi
1363 2964 1437 3029 in
1497 2964 1733 3030 multis
1795 2986 2206 3032 commorans
2268 2965 2657 3034 melioratus

552 3079 588 3105 “
631 3078 648 3106 ‘
677 3091 841 3135 sum.
919 3067 1328 3135 Commendo
1374 3069 1443 3132 et
1508 3065 1713 3154 diligo
1760 3065 2143 3154 Martyrem,
2190 3067 2542 3151 Abbatem,
2589 3075 2660 3137 et

553 3178 589 3208 “
638 3182 656 3209 ‘
686 3171 1123 3253 Convenimu,
1171 3174 1242 3235 et
1286 3191 1520 3250 mores,
1586 3174 1657 3235 et
1700 3170 2019 3235 ordinem.
2110 3169 2274 3237 Peto
2317 3171 2539 3260 igitur,
2583 3177 2665 3239 ut

549 3287 591 3317 “
640 3289 656 3315 ⁸
684 3278 1041 3366 amplietur
1101 3277 1315 3344 honor
1376 3274 1713 3362 Martyris,
1778 3274 1948 3342 mihi
2012 3276 2378 3363 impetretis
2438 3278 2666 3365 aliqua

555 3389 594 3419 “
639 3393 655 3419 ‘
687 3381 768 3448 de
810 3381 1022 3469 ipsius
1065 3379 1408 3466 reliquiis3
1452 3383 1522 3444 et
1567 3378 1640 3443 in
1682 3379 1986 3466 partibus
2030 3378 2212 3457 meis,
2257 3384 2457 3447 nacta
2497 3385 2663 3448 tem—

555 3492 592 3521 “
639 3493 658 3520 ‘
683 3483 859 3571 poris
938 3480 1458 3570 opportunitate,
1528 3480 1603 3545 in
1668 3480 1919 3546 honore
1984 3479 2236 3547 Christi
2301 3486 2373 3548 et
2436 3482 2662 3570 ipsius,

561 3596 600 3623 “
642 3592 661 3623 ‘
689 3584 1153 3654 cathedralem
1196 3582 1492 3650 fundabo
1537 3581 1891 3663 ecclesiam,
1937 3588 2008 3649 et
2051 3583 2264 3671 ipsam
2309 3584 2555 3652 dotabo
2596 3591 2665 3653 et

562 3699 600 3726 “
645 3698 664 3724 ‘
693 3687 961 3754 ditabo.’
1073 3687 1225 3752 Rex
1287 3686 1499 3773 igitur
1566 3684 1651 3749 ab
1709 3685 1979 3752 Abbate
2042 3691 2112 3752 et
2180 3685 2536 3754 Conventa
2594 3710 2667 3756 os

560 3804 598 3833 “
642 3794 978 3861 humerale
1023 3792 1343 3879 Martyris
1393 3791 1792 3880 impetravit.
1883 3791 1932 3856 J
1931 3791 2167 3858 uvenis
2214 3798 2455 3873 autem,
2501 3794 2669 3862 illud

560 3910 598 3940 “
642 3905 716 3968 in
757 3906 980 3991 partes
1008 3920 1158 3967 suas
1186 3904 1549 3989 asportans,
1581 3899 1903 3988 promissa
1933 3900 2197 3967 effectui
2243 3903 2668 3991 mancipavit,

561 4017 600 4047 “
641 4009 1122 4096 fabricavitque
1195 4008 1590 4095 promissam
1671 4006 2026 4087 ecclesiam,
2124 4009 2243 4077 ubi
2314 4010 2669 4078 honorifice

564 4118 603 4149 “
645 4115 1086 4179 memoratum
1120 4131 1194 4176 os
1221 4110 1573 4198 ⁹reposuit.
1647 4108 1762 4175 Ad
1791 4130 1992 4196 quam
2021 4111 2357 4179 ecclesiam
2385 4114 2668 4181 ’facino-

566 4221 602 4252 “
646 4215 778 4280 rosi
823 4213 1297 4301 confugientes,
1344 4212 1454 4279 vel
1496 4211 1586 4278 ad
1616 4211 1757 4298 ejus
1800 4213 2064 4292 atrium,
2107 4236 2333 4301 pacem
2362 4216 2671 4283 obtinent

569 4323 610 4353 “
650 4313 1001 4382 securam.”

658 4418 752 4484 Et
815 4418 909 4484 sic
981 4417 1438 4484 narrationem
1536 4436 1727 4484 suam
1802 4418 2256 4498 terminantes,
2322 4422 2539 4504 fidem,
2594 4428 2675 4489 ut

640 4606 660 4639 ¹
682 4606 879 4658 AtRex
899 4607 959 4658 in
971 4607 1087 4660 MS.
1109 4607 1250 4659 Nero
1270 4608 1339 4660 D.
1360 4602 1398 4661 i.
1745 4606 1769 4638 ³
1791 4607 1935 4656 etiam
1963 4608 2247 4672 facinorosi
2283 4611 2340 4661 in
2379 4611 2493 4665 MS.
2538 4613 2676 4665 :Na-0

638 4688 662 4718 ²
680 4687 922 4753 repr-osuit
938 4685 991 4737 in
1011 4687 1126 4741 MS.
1152 4686 1392 4741 Claudius
1401 4686 1465 4740 E.
1489 4687 1571 4749 iv„
1678 4689 1745 4739 D.
1762 4685 1797 4737 i.

571 4769 646 4835 by
665 4766 1036 4820 inadventence.
