3450 5717
810 848 940 914 404
1568 854 1785 907 ess-m
1828 852 2157 905 mmmm

552 1075 739 1137 Roget,
822 1060 859 1082 “
901 1053 1055 1127 quod
1088 1055 1390 1108 remaneat
1430 1048 1856 1121 imperfectum,
1886 1063 2019 1103 cum
2046 1043 2121 1100 ad
2155 1043 2268 1099 hoc
2292 1059 2364 1097 cx
2385 1040 2650 1112 injuncto
2685 1038 2801 1095 sibi
2835 1037 2923 1092 of-

580 1141 704 1190 2⁴th
825 1144 861 1167 “
902 1140 1033 1195 ficio
1056 1143 1383 1201 tenea-ntur,
1426 1139 1486 1190 et
1515 1134 1841 1190 communis
1878 1132 2127 1194 utilitas,
2168 1134 2229 1185 et
2264 1127 2522 1191 evidens,
2561 1127 2672 1181 hoc
2707 1124 2916 1196 poscit.

550 1209 750 1268 Abbot,
826 1228 863 1252 “
903 1224 1120 1278 Datum
1180 1221 1274 1276 die
1335 1217 1759 1275 Translationis
1823 1215 2023 1272 Sancti
2089 1214 2328 1269 Thomoe
2387 1209 2692 1281 MartyriS,
2766 1223 2920 1262 anno

524 1275 765 1393 1226135’30.
827 1312 863 1336 ‘⁶
904 1306 1141 1363 Domini
1174 1304 1493 1360 millesimo
1540 1300 1942 1391 ducentesimo
1979 1297 2415 1370 septuagesimo
2450 1288 2703 1366 prim0.”

826 1547 1075 1613 Charta
1140 1542 1437 1612 Domini
1505 1539 1711 1626 Reyis
1780 1558 1988 1624 super
2041 1534 2512 1623 publicatione
2570 1540 2632 1599 et
2698 1532 2922 1598 debita

1323 1644 1702 1712 executione
1747 1639 2005 1708 Statuti
2041 1638 2431 1726 prcenotati.

915 1784 1187 1849 Editum
1256 1786 1356 1846 est
1423 1784 1647 1845 autem
1693 1778 2041 1844 Statutum
2087 1775 2286 1861 Regis
2329 1795 2525 1862 super
2591 1772 2768 1838 dicto
2812 1793 2928 1838 ne-

828 1888 1033 1974 goti0‚
1078 1884 1256 1971 quod
1298 1884 1392 1949 sic
1436 1882 1782 1969 incipit.—

490 2013 685 2065 Lettem
898 2012 915 2044 1
937 2015 975 2040 ⁶⁶
1002 2010 1319 2074 Henricus,
1347 2008 1462 2064 Dei
1498 2007 1706 2079 gratia,
1747 2009 1799 2061 et
1841 2008 2055 2071 caetera,
2097 2003 2330 2058 dilectis
2368 2008 2429 2058 et
2468 2003 2740 2059 fidelibus
2778 2003 2923 2069 suis,

491 2082 677 2157 Patept
835 2100 872 2124 “
911 2097 987 2152 ad
1023 2112 1167 2168 quos
1202 2098 1520 2166 praescntes
1544 2091 1758 2146 litterae
1781 2089 2173 2163 pervenerint,
2203 2087 2469 2144 salutem.
2528 2088 2744 2145 Sciatis
2770 2088 2926 2160 quod

489 2146 791 2277 ssefflssgnl.
835 2184 873 2209 “
913 2181 987 2236 ad
1020 2181 1300 2235 honorem
1336 2178 1449 2233 Dei
1486 2181 1546 2231 et
1587 2174 1940 2230 universalis
1982 2173 2285 2239 Ecclesiae,
2319 2171 2426 2231 'ac
2462 2172 2925 2228 emendationem

494 2279 720 2345 promul·
795 2247 810 2271 ³
835 2269 873 2294 “
914 2271 974 2321 et
1008 2265 1325 2320 utilitatem
1374 2269 1548 2318 terrae
1601 2264 1836 2323 nostrae,
1890 2264 1950 2314 et
2002 2258 2422 2313 relevationem
2459 2257 2925 2313 Christianorum

494 2346 674 2413 gating
694 2344 780 2394 the
835 2354 874 2378 “
914 2350 986 2405 de
1036 2348 1058 2381 ³
1082 2349 1295 2404 damno
1345 2353 1408 2402 et
1460 2344 1911 2418 gravaminibus
1962 2360 2094 2415 quae
2148 2343 2560 2397 sustinuerunt
2626 2343 2931 2397 occasione

495 2417 809 2530 θῗαῗωθῐέῗ
835 2438 873 2462 “
910 2434 1232 2488 liberorum
1268 2436 1752 2493 tenementorum,
1783 2445 1913 2499 quae
1952 2425 1992 2482 J
1993 2425 2149 2481 udaei
2184 2426 2358 2497 regni
2391 2425 2580 2481 nostri
2603 2426 2934 2482 clamabant

495 2489 761 2605 gainas?
835 2522 874 2547 “
912 2517 1147 2581 habere,
1174 2516 1194 2547 ⁴
1214 2519 1283 2570 ut
1304 2516 1364 2570 in
1389 2516 1587 2579 terris,
1617 2511 1988 2576 tenementis,
2017 2510 2224 2576 feodis,
2252 2516 2312 2566 et
2333 2510 2682 2576 redditibus,
2711 2517 2774 2567 et
2795 2511 2931 2567 aliis

497 2615 595 2665 and
614 2612 718 2661 for·
837 2606 874 2630 “
912 2601 1173 2667 tenuris3
1217 2605 1277 2655 et
1307 2617 1380 2655 ne
1416 2598 1605 2664 uobiS,
1644 2615 1750 2652 seu
1783 2594 2186 2652 communitati
2223 2595 2394 2666 regni
2430 2596 2636 2661 nostri,
2682 2596 2778 2652 vel
2813 2595 2929 2668 ipsi

493 2680 702 2756 bida-ing
837 2689 876 2714 “
913 2703 1115 2757 regno,
1133 2684 1319 2756 possit
1343 2683 1415 2755 de
1439 2687 1649 2738 caetero
1672 2680 2084 2754 praejudicium
2101 2680 2376 2750 generari
2398 2702 2413 2746 ;
2453 2680 2837 2752 providimus,
2856 2681 2931 2735 de

495 2747 778 2863 ἓᾚῗᾙω
837 2774 874 2797 “
914 2769 1156 2825 consilio
1192 2768 1587 2839 praelatorum,
1616 2773 1676 2822 et
1714 2771 2080 2836 magnatum,
2109 2773 2170 2819 et
2202 2781 2531 2836 procerum,
2562 2766 2828 2835 quisunt
2862 2765 2937 2820 de

497 2884 721 2930 servants
837 2857 874 2883 “
918 2852 1176 2909 Consilio
1201 2857 1421 2917 nostre,
1451 2869 1519 2906 ac
1545 2850 1723 2906 etiam
1761 2849 1782 2881 ⁶
1803 2849 2141 2905 ordinamus
2160 2856 2220 2905 ct
2255 2849 2590 2915 statuimus,
2617 2867 2725 2922 pro
2760 2850 2931 2905 nobis

494 2954 549 2996 to
571 2946 723 2997 Jews.
840 2942 877 2966 “
918 2944 978 2993 et
1010 2935 1344 2992 haeredibus
1381 2935 1618 3000 nostris,
1648 2932 1806 3006 quod
1840 2933 2040 2988 nullus
2068 2931 2312 2989 Judaeus
2346 2933 2603 2988 liberum
2638 2941 2933 2989 tenemen-

498 3012 621 3061 25th
644 3011 788 3074 ³⁰¹5,
836 3027 873 3051 “
912 3027 1041 3077 tum
1072 3020 1289 3076 habeat
1311 3019 1372 3076 in
1397 3018 1696 3082 maneriis,
1724 3017 1921 3082 terris,
1949 3016 2319 3083 tenementis,
2347 3017 2554 3083 feodis,
2581 3018 2932 3083 redditibus,

497 3079 634 3129 AD·
668 3080 813 3129 ¹²⁷²·
841 3111 878 3134 “
916 3106 1015 3162 vel
1069 3104 1315 3168 tenuris,
1358 3102 1828 3175 quibuscunque,
1881 3119 1990 3175 per
2026 3100 2290 3156 chartam
2343 3100 2533 3166 ‘doni,
2602 3102 2938 3158 feoffamen-

840 3194 877 3219 “
916 3198 1064 3255 tum,
1093 3187 1609 3251 confirmationem,
1651 3204 1759 3241 seu
1792 3193 1812 3220 ⁴⁸
1833 3185 2159 3257 quamlibet
2195 3185 2631 3257 obligationem,
2660 3187 2754 3242 vel
2794 3206 2940 3260 quo·

839 3279 878 3304 “
918 3292 1147 3346 cunque
1185 3273 1300 3328 alio
1336 3272 1544 3338 modo;
1614 3272 1700 3327 ita
1735 3276 1935 3326 tamen
1972 3269 2132 3341 quod
2175 3268 2400 3337 domos,
2441 3289 2589 3343 quas
2649 3270 2807 3344 ²'ipsi
2843 3273 2930 3328 in-

838 3364 877 3387 “
914 3360 1180 3414 habitant
1224 3358 1286 3412 in
1325 3356 1685 3421 civitatibus,
1723 3355 1953 3426 burgis,
2011 3372 2117 3410 seu
2167 3354 2300 3412 aliis
2336 3355 2519 3424 villis,
2576 3356 2684 3413 ⁹de
2720 3365 2937 3415 caetero

839 3448 876 3471 “
916 3462 1014 3498 eas
1068 3442 1337 3506 habeant,
1393 3441 1547 3496 sicut
1594 3439 1812 3494 habere
1860 3444 2291 3494 consueverunt
2338 3441 2701 3512 temporibus
2753 3448 2939 3498 retro·

836 3531 875 3557 “
913 3527 1097 3593 actis;
1156 3531 1217 3581 et
1269 3525 1446 3580 etiam
1482 3522 1628 3579 alias
1665 3523 1867 3578 domos
1923 3521 1964 3554 ¹⁰
1982 3540 2126 3594 quas
2180 3523 2397 3578 habent
2444 3524 2736 3591 locandas,
2774 3527 2940 3583 licite

837 3616 875 3640 “
914 3613 1140 3684 possint
1185 3608 1379 3664 locare
1418 3607 1455 3640 ¹¹
1475 3606 1720 3671 Judaeis,
1761 3624 1877 3662 non
1916 3611 2115 3662 tamen
2144 3606 2517 3663 Christianis.
2591 3609 2687 3665 Ita
2720 3614 2936 3677 tamen,

839 3701 875 3725 “
918 3695 1073 3768 quod
1125 3712 1241 3749 non
1276 3693 1317 3726 ¹²
1348 3693 1526 3747 liccat
1574 3692 1613 3745 J
1616 3691 1814 3746 udaeos
1849 3697 2081 3746 nostros
2118 3690 2434 3747 Londoniis
2482 3692 2682 3764 plures
2736 3693 2942 3751 domos

839 3785 877 3809 ‘⁶
920 3798 1094 3852 quam
1130 3796 1287 3833 nunc
1321 3776 1556 3840 habent,
1598 3792 1812 3840 emere,
1852 3774 1895 3806 ¹³
1913 3792 2018 3830 seu
2054 3775 2170 3831 alio
2206 3792 2554 3848 quocunque
2600 3776 2773 3832 modo
2808 3797 2941 3850 pcr-

840 3870 878 3893 “
920 3865 1172 3938 quircrc,
1217 3863 1276 3916 in
1313 3861 1553 3916 civitate
1589 3865 1795 3914 nostru.
1834 3859 2290 3924 Londoniarum,
2335 3877 2441 3931 per
2480 3860 2636 3931 quod
2673 3862 2940 3918 ecclesioe

840 3955 878 3978 “
915 3946 1282 4022 parochiales
1320 3943 1587 4016 ejusdem
1623 3942 1900 4008 civitatis,
1938 3943 2037 3997 vel
2082 3948 2339 3998 rectores
2378 3943 2713 4010 earundem,
2746 3945 2940 4017 jectu-

909 4135 1069 4187 ¹This
1109 4135 1306 4186 Statute
1358 4130 1402 4180 is
1439 4131 1599 4181 found
1649 4130 1756 4181 also
1795 4130 1846 4180 in
1936 4130 2142 4197 Rymer.

842 4216 1072 4285 Rymer's
1086 4214 1308 4274 Foedera,
1324 4210 1426 4262 vol.
1448 4209 1498 4271 i„
1520 4226 1568 4276 p.
1588 4215 1704 4273 489,
1718 4211 1846 4261 New
2004 4211 2025 4238 ⁸
2047 4210 2248 4274 ipsimet,
2271 4209 2477 4276 Rymer.

2519 4067 2770 4074 ———--
2787 4068 2923 4076 -—-.-

845 4297 1065 4348 Edition.
2005 4287 2027 4319 ⁹
2050 4286 2314 4337 inhabitent
2368 4287 2429 4338 de
2492 4296 2680 4351 certet-o,
2736 4298 2784 4341 et
2839 4310 2946 4355 cas,

910 4375 931 4408 ²
954 4375 1025 4425 ad
1041 4371 1420 4432 emendatsonem,
1443 4369 1648 4436 Rymer.
1939 4367 2146 4432 Rymer.

913 4456 935 4488 ³
956 4454 1156 4512 damnis,
1180 4452 1383 4516 Rymer.
2009 4445 2049 4478 ¹⁰
2068 4463 2182 4495 suos
2203 4463 2337 4510 quos,
2359 4447 2565 4512 Rymer.

914 4535 935 4565 ⁴
959 4540 1015 4582 nt
1034 4531 1242 4582 omitted
1271 4529 1324 4578 in
1348 4529 1552 4594 Rymer.
2010 4524 2044 4557 ¹¹
2070 4525 2265 4576 Judoeis
2299 4534 2501 4588 tontum,
2538 4535 2584 4578 et
2611 4546 2702 4580 non
2732 4529 2948 4582 Chr-'3112

915 4614 934 4646 5
958 4610 1300 4670 ordinavimus,
1322 4609 1529 4672 Rymer.
1942 4607 2070 4666 anis,
2092 4606 2298 4673 Rymer.

914 4692 936 4723 ⁶
958 4691 1144 4749 donum,
1166 4689 1372 4753 Rymer.
2013 4685 2051 4718 ¹2
2074 4683 2201 4748 licet,
2225 4686 2433 4751 Rymer.

912 4769 935 4808 7
957 4782 1286 4835 quamcunque
1323 4764 1468 4816 aliam
1503 4763 1660 4831 obleya
1668 4765 1855 4826 tionem,
2013 4765 2051 4796 ¹³
2060 4766 2164 4814 sive
2181 4782 2459 4835 quocunque
2471 4767 2570 4817 alio
2582 4767 2951 4841 modo,Rfmer.
