3450 5717
1103 820 1528 871 uonAsrsmi
1573 818 1821 871 mon
1865 819 2139 872 ALBAm.
2536 809 2666 874 391

562 1008 601 1034 “
639 1007 875 1072 Albani,
928 1008 1003 1062 de
1049 1021 1363 1064 consensu
1387 1007 1481 1063 sui
1527 1006 1809 1079 Capituli,
1857 1006 2254 1078 praeficientur
2298 1005 2554 1072 Priores,
2607 1011 2668 1064 et

562 1091 601 1117 “
642 1091 1085 1158 amovebuntur,
1138 1090 1461 1147 secundum
1519 1095 1782 1146 tenorem
1854 1091 2304 1163 privilegiorum
2378 1107 2661 1157 suorum3

558 1174 597 1202 ‘⁸
638 1172 759 1245 qui,
819 1173 1109 1246 praefecti,
1161 1174 1372 1230 adeant
1427 1172 1806 1247 Episcopum,
1858 1177 1918 1229 et
1974 1177 2402 1246 praesententur
2452 1172 2661 1241 eidem,

558 1257 598 1284 ‘⁸
636 1258 973 1314 canonicam
1039 1254 1430 1314 obedientiam
1483 1257 1912 1330 promittentes,
1976 1257 2202 1313 ratione
2263 1257 2666 1313 Ecclesiarum

559 1342 599 1370 ‘²
637 1341 1094 1408 Parochialium,
1125 1347 1414 1414 quatenus
1454 1342 1775 1415 privilegia
1797 1339 1812 1373 ¹
1833 1340 2033 1397 Sancti
2057 1338 2272 1397 Albani
2296 1341 2663 1412 permittunt.

558 1427 597 1453 ‘⁸
636 1426 733 1481 Ita
766 1432 981 1494 tamen,
1011 1426 1167 1499 quod
1202 1431 1491 1498 praetextu
1522 1427 1684 1483 illius
1722 1425 2069 1481 obedientiae
2094 1425 2332 1481 Priores
2359 1425 2431 1480 de
2455 1426 2667 1482 Thine-

556 1511 595 1537 “
631 1514 798 1565 muta
856 1528 974 1566 non
1031 1516 1316 1566 vocentur
1376 1510 1451 1565 ad
1514 1508 1836 1581 Synodum,
1895 1508 2187 1580 Capitula,
2250 1510 2350 1565 vel
2410 1510 2669 1582 aliquem

559 1592 598 1620 “
636 1598 991 1650 conventum
1065 1593 1554 1660 ecclesiasticum,
1620 1597 1825 1650 contra
1886 1596 2150 1648 tenorem
2221 1591 2671 1665 privilegiorum

559 1676 600 1703 ‘⁴
639 1694 897 1732 suorum.
971 1675 1201 1733 Vicarii
1237 1682 1454 1743 autem,
1493 1676 1558 1732 in
1593 1676 1795 1732 eadem
1835 1675 2084 1731 ecclesia
2128 1675 2462 1731 successive
2499 1678 2669 1733 insti-

559 1760 598 1786 “
637 1758 862 1825 tuendi,
892 1778 929 1816 a
967 1758 1174 1816 Priore
1213 1765 1274 1816 et
1297 1760 1603 1817 Conventu
1637 1758 1710 1814 de
1751 1758 2121 1826 Thinemuta,
2161 1758 2233 1814 de
2271 1776 2518 1815 assensu
2552 1761 2672 1816 Ab·

559 1844 598 1870 “
636 1843 790 1898 batis
816 1843 1152 1911 eorundem,
1178 1843 1597 1915 praenominato
1623 1842 1933 1914 Episcopo,
1964 1847 2024 1898 et
2055 1844 2491 1899 successoribus
2520 1844 2664 1911 suis,

558 1927 597 1954 ‘⁸
635 1927 1173 1999 praesentabuntur3
1215 1926 1335 2000 qui,
1377 1926 1638 1994 admissi,
1679 1926 1872 1982 eidem
1907 1923 2196 1999 Episcopo
2234 1926 2307 1983 de
2344 1928 2665 1999 spirituali-

560 2010 598 2037 “
635 2010 765 2075 bus,
812 2016 877 2067 et
919 2011 1219 2067 monachis
1266 2012 1604 2067 memoratis
1650 2010 1725 2066 de
1766 2010 2218 2084 temporalibus,
2252 2012 2658 2084 respondeant.

558 2092 599 2120 “
637 2092 712 2147 In
735 2093 1178 2165 praemissorum
1202 2100 1400 2150 autem
1423 2091 1846 2160 testimonium,
1884 2094 2023 2149 huic
2054 2093 2290 2165 script0,
2319 2093 2381 2149 in
2420 2096 2664 2151 modum

559 2177 598 2202 ‘⁸
636 2176 1013 2249 chirographi
1050 2177 1331 2243 confecto,
1374 2178 1551 2251 parti,
1580 2177 1823 2243 scilicet,
1851 2196 2028 2249 penes
2062 2178 2511 2249 praenominatos
2548 2178 2668 2234 Ab·

559 2261 598 2287 “
634 2258 833 2316 batem
874 2267 935 2318 et
976 2260 1347 2319 Conventum
1387 2259 1588 2318 Sancti
1620 2261 1855 2326 Albani,
1898 2261 2167 2316 Priorem
2205 2265 2269 2317 et
2306 2260 2670 2317 Conventum

560 2344 599 2371 “
642 2343 715 2399 de
739 2343 1128 2416 Thynemuta,
1166 2345 1512 2413 remanenti,
1540 2346 1824 2417 praefatus
1862 2343 2188 2417 Episcopus
2232 2350 2298 2400 et
2329 2343 2671 2416 Capitulum

559 2428 599 2454 “
637 2426 1057 2495 Dunelmense,
1101 2434 1162 2484 et
1207 2428 1365 2501 parti
1398 2446 1578 2502 penes
1616 2425 1944 2484 Ecclesiam
1987 2426 2444 2484 Dunelmensem
2481 2447 2669 2485 rema-

560 2511 599 2538 “
637 2512 818 2576 nenti,
869 2517 991 2567 tam
1039 2510 1186 2568 dicti
1209 2512 1410 2568 Abbas
1460 2517 1521 2568 et
1569 2510 1906 2569 Conventus
1958 2508 2158 2567 Sancti
2203 2510 2438 2578 Albani,
2492 2530 2667 2583 quam

560 2596 598 2622 “
637 2594 813 2651 Prior
853 2600 915 2652 et
964 2594 1299 2653 Conventus
1343 2595 1416 2651 de
1457 2594 1827 2662 Thinemuta,
1857 2593 2060 2668 sigilla
2100 2613 2225 2660 sua,
2271 2613 2406 2650 cum
2448 2594 2666 2666 sigillis

559 2680 599 2706 ‘³
636 2679 871 2744 nostris,
911 2684 1117 2735 mutuo
1152 2684 1566 2753 apposuerunt.
1642 2678 1863 2735 Actum
1900 2697 2050 2734 anno
2073 2678 2312 2734 Domini
2350 2678 2664 2735 millesimo

558 2763 599 2790 “
636 2761 1036 2818 ducentesimo
1072 2762 1525 2834 quadragesimo
1552 2763 1819 2834 septimo,
1847 2780 2050 2817 mense
2075 2762 2240 2827 Maii,
2269 2760 2333 2816 in
2357 2763 2670 2833 praesentia

559 2846 599 2873 “
634 2844 1054 2918 praedictorum
1072 2846 1351 2919 Episcopi
1374 2849 1435 2901 et
1455 2844 1741 2912 Abbatis3
1781 2845 2168 2917 proesentibus
2194 2845 2390 2910 etiam,
2419 2844 2669 2902 Domino

560 2930 599 2954 “
636 2928 867 2985 Abbate
902 2928 976 2984 de
1022 2929 1195 2986 Novo
1218 2928 1597 2995 Monasterio,
1637 2928 1711 2984 de
1746 2928 2150 3000 Notyngham,
2190 2929 2264 2983 de
2309 2927 2522 2983 Sancto
2563 2928 2667 2982 Al·

559 3012 599 3039 “
637 3012 805 3077 ban0,
845 3017 907 3068 et
948 3010 1021 3067 de
1068 3011 1527 3086 Schalopesbiri,
1564 3010 2037 3075 Archidiaconis,
2066 3010 2376 3082 Magistris
2411 3010 2667 3082 Hugone

560 3097 597 3124 “
636 3095 711 3151 de
749 3090 1082 3167 Stanbrige,
1119 3094 1214 3153 W.
1245 3092 1318 3151 de
1354 3094 1579 3168 Burgo,
1622 3094 1823 3151 Odone
1860 3094 1934 3150 de
1970 3092 2293 3166 Kilkenny,
2320 3099 2382 3150 et
2416 3093 2667 3163 Domino

560 3181 599 3209 “
641 3180 681 3236 J
682 3180 907 3235 ohanne
942 3177 1329 3252 Francigena,
1369 3185 1431 3235 et
1463 3176 1672 3236 multis
1708 3176 1904 3234 aliis.”

556 3363 658 3430 De
698 3359 1330 3448 covffoedemtimw²
1353 3366 1651 3447 quatuor
1678 3357 2027 3426 Abbatum
2070 3366 2543 3446 mmmmm,
2573 3360 2668 3426 ad

736 3462 1193 3531 mmwnduan
1254 3460 1557 3530 mabitvis
1637 3459 2085 3549 quomndam
2157 3460 2664 3549 Episcopormn,

737 3563 1081 3632 libertates
1164 3582 1452 3631 αιιοηωη
1523 3561 2109 3631 Monastemomm
2185 3562 2471 3650 aufem-e,
2551 3582 2668 3630 sem

746 3664 1157 3748 dimmuere,
1198 3663 1659 3734 mouentum

2724 999 2865 1052 John
2882 1001 2977 1064 11„

2791 1068 2918 1117 23rd

2756 1133 2951 1197 Abbot,

2777 1199 2914 1249 A.D.

2729 1269 2972 1318 1235-60.

2781 1356 2914 1371 —

649 3797 840 3866 Circa
904 3818 1196 3885 praesens
1253 3802 1531 3885 tempus,
1593 3800 1865 3885 propter
1925 3797 2165 3862 nimias
2216 3796 2659 3887 depressiones
2684 3806 2927 3859 Consede-

556 3901 986 3981 ecclesiarum
1016 3922 1165 3988 quae
1193 3903 1357 3966 tunc
1386 3902 1591 3980 erant,
1636 3903 1706 3966 et
1749 3899 1822 3994 in
1860 3904 2197 3986 posterum
2243 3900 2696 3966 timebantur·

2678 3873 3013 3938 raeyentered

2679 3939 2788 3990 into
2810 3942 2844 3990 b

558 4002 975 4083 invalescere,
1022 4000 1321 4068 Abbates
1365 4001 1445 4068 de
1489 4001 1736 4068 Sancto
1781 4002 2062 4082 Albano,
2108 4001 2192 4068 de
2237 4002 2480 4069 Sancto
2526 4003 2657 4068 Ed·
2679 4006 2776 4056 five
2798 4022 2830 4056 ο
2890 4006 2974 4057 the

559 4106 826 4186 mund0,
878 4105 960 4170 de
1010 4102 1037 4146 ⁸
1063 4104 1308 4171 Sancto
1353 4102 1751 4192 AugustinO,
1801 4104 1884 4170 de
1935 4105 2540 4188 westmonasterio,

558 4210 641 4275 de
685 4208 1033 4288 Evesham‚
1079 4229 1229 4274 cum
1274 4207 1545 4274 consilio
1573 4207 1996 4275 Coventuum
2037 4208 2408 4287 eorundem,
2454 4229 2526 4274 se
2570 4207 2657 4273 ad

555 4312 839 4377 invicem
887 4310 1285 4397 obligarunt,
1330 4309 1452 4375 sub
1497 4310 1621 4376 hac
1664 4310 1875 4374 forma
1919 4310 2235 4396 sequenti.
2238 4345 2329 4360 --

625 4569 641 4603 ¹
664 4568 975 4619 Mona-sterio
1022 4569 1199 4619 Sancti
1239 4566 1427 4619 Aban*
1478 4568 1555 4617 in·
1653 4582 1795 4620 more
1819 4567 2017 4631 strictly
2039 4576 2248 4620 correct.

558 4648 715 4762 dulia:
738 4648 791 4698 in
814 4650 902 4702 the
923 4655 1034 4700 text
1054 4649 1115 4699 of
1128 4648 1374 4699 Matthew
1396 4647 1551 4698 Paris.
1720 4649 1744 4681 ³
1766 4649 1839 4700 At
1863 4648 2192 4714 Canterbury.

710 4730 968 4795 quinque?
1012 4744 1068 4781 as
1117 4742 1237 4781 seen
1291 4729 1470 4785 below,
1514 4727 1554 4779 is
1767 4730 1778 4739 '

2678 4073 2900 4136 Exempt

2587 4112 2657 4171 0¹²
2679 4140 2894 4199 Amos,
2916 4138 2998 4187 for

2679 4206 2765 4255 the
2786 4204 2980 4254 mutual

2679 4270 2955 4335 protection

2680 4336 2739 4387 of
2766 4337 2898 4387 their

2680 4403 2888 4454 Monae-

2680 4468 2839 4521 tei-ies.
