3450 5717
806 830 937 896 356
1164 840 1186 850 ·
1365 896 1369 902 ,
1560 840 1780 903 essu
1822 838 2147 891 AssBAruu

511 1059 651 1111 John
665 1054 736 1105 Π
816 1031 856 1058 “
899 1032 913 1057 ⁸
939 1029 1014 1085 de
1053 1028 1489 1094 consuetudine,
1515 1028 1712 1086 valeat
1747 1044 2039 1094 exercere,
2079 1044 2148 1084 ac
2183 1026 2644 1101 procurationes,
2683 1027 2908 1084 ratione

571 1130 697 1180 23rd
741 1090 757 1118 ⁹
819 1115 858 1142 “
901 1118 915 1141 ‘
939 1114 1292 1171 visitationis
1330 1113 1445 1169 sibi
1482 1111 1729 1177 debitas,
1768 1114 2034 1185 recipere
2057 1112 2271 1177 valeat,
2311 1113 2373 1167 in
2409 1112 2674 1167 ecclesiis
2711 1129 2912 1185 supra·

544 1198 737 1259 Abbot,
820 1200 859 1227 “
902 1201 917 1226 ‘
943 1199 1149 1265 dictis;
1189 1216 1306 1254 non
1338 1197 1731 1269 permittendo
1769 1197 1927 1268 quod
1959 1197 2165 1252 vicarii
2205 1196 2497 1252 dictarum
2532 1196 2914 1251 ecclesiarum

567 1267 704 1322 AD·
821 1285 860 1312 ‘⁸
901 1284 918 1310 ⁴
944 1282 1141 1355 ipsum
1200 1283 1275 1338 ad
1329 1281 1720 1337 exercendum
1772 1281 2133 1337 visitationis
2193 1282 2448 1337 officium
2471 1351 2477 1356 .
2499 1281 2562 1335 in
2613 1280 2913 1353 praedictis

517 1338 759 1443 ῙΞΞΖ-ΒΟ·
821 1371 860 1396 “
902 1371 918 1395 ‘
944 1368 1213 1424 ecclesiis
1273 1366 1617 1432 admittant3
1690 1383 1810 1421 non
1867 1365 2259 1437 permittendo
2318 1366 2497 1421 etiam
2555 1365 2713 1437 quod
2771 1365 2915 1421 dicti

819 1455 859 1480 “
901 1456 916 1480 ‘
942 1453 1151 1510 vicarii
1209 1452 1674 1525 procurationes,
1737 1451 1965 1506 ratione
2023 1450 2430 1507 visitationum
2490 1449 2604 1505 sibi
2664 1449 2910 1515 debitas,

820 1540 856 1565 “
901 1540 916 1565 ‘
943 1536 1188 1594 solvant.
1283 1536 1476 1606 Quare
1510 1535 1662 1608 petit
1698 1534 1942 1601 eisdem,
1993 1541 2054 1592 et
2089 1536 2247 1591 dicto
2282 1534 2671 1608 procuratori,
2710 1552 2916 1590 eorum

817 1623 857 1648 ‘⁸
899 1623 915 1648 ‘
941 1622 1193 1688 nomine,
1269 1638 1376 1693 per
1432 1637 1540 1676 vos
1609 1619 2039 1675 sententialiter
2109 1619 2386 1685 inhiberi,
2459 1636 2532 1673 ne
2595 1617 2917 1692 impediant

816 1708 855 1733 “
897 1708 913 1733 ‘
939 1705 1188 1761 eundem
1250 1704 1746 1760 Archidiaconum
1804 1704 2069 1771 visitare,
2145 1709 2207 1760 et
2266 1722 2540 1760 exercere
2608 1702 2916 1759 Archidia·

814 1792 855 1817 “
897 1792 913 1818 ‘
941 1790 1185 1855 conalia,
1234 1789 1299 1843 in
1345 1788 1611 1844 ecclesiis
1664 1787 2037 1859 supradictis.
2116 1787 2279 1846 Petit
2323 1789 2503 1844 etiam
2544 1788 2797 1854 eosdem,
2855 1794 2918 1843 et

816 1876 855 1902 “
901 1877 916 1902 ‘
945 1874 1170 1930 dictum
1228 1878 1687 1945 procuratorem,
1752 1889 1860 1944 per
1916 1889 2024 1928 vos
2080 1870 2099 1904 ¹
2126 1871 2240 1928 sibi
2302 1872 2724 1928 sententialiter
2780 1889 2918 1927 eon-

816 1961 854 1986 “
898 1961 913 1987 ‘
939 1957 1221 2023 demnari,
1262 1957 1420 2030 quod
1454 1957 1799 2029 permittant
1833 1955 2089 2011 eundem
2122 1954 2613 2012 Archidiaconum
2645 1956 2735 2012 uti
2762 1956 2919 2028 juri-

815 2050 854 2075 “
897 2049 911 2074 ‘
938 2045 1049 2102 bus
1086 2045 1214 2101 suis
1252 2043 1626 2117 supradictis,
1665 2044 1910 2117 pacifice
1947 2049 2008 2102 et
2044 2043 2259 2115 quiete,
2299 2045 2364 2100 in
2411 2044 2675 2101 ecclesiis
2710 2062 2917 2116 supra·

820 2133 861 2159 “
903 2134 917 2158 ⁶
945 2129 1155 2197 dictis;
1221 2135 1282 2184 et
1330 2146 1510 2201 super
1545 2128 1966 2200 impedimento
2009 2133 2071 2184 et
2104 2127 2529 2199 inquietatione
2578 2128 2920 2201 hujusmodi

818 2215 858 2241 “
900 2217 916 2243 ‘
941 2214 1093 2287 petit
1151 2213 1309 2270 dicto
1366 2212 1754 2286 procuratori,
1819 2229 2023 2267 eorum
2084 2212 2338 2276 nomine,
2402 2230 2508 2284 per
2570 2213 2920 2269 sententiam

820 2302 859 2328 “
902 2301 918 2328 ‘
945 2304 1298 2372 perpetuum
1335 2298 1640 2355 silentium
1686 2297 1930 2370 imponi.
2019 2296 2184 2353 Petit
2218 2298 2399 2352 etiam
2434 2296 2674 2352 eosdem
2709 2297 2826 2353 sibi
2859 2297 2924 2352 in

817 2386 856 2413 ‘⁸
900 2387 915 2412 ‘
943 2383 1172 2440 damnis
1209 2388 1273 2440 et
1311 2382 1580 2455 expensis
1629 2381 2025 2446 condemnari,
2077 2399 2210 2453 quae
2245 2381 2584 2437 subsistunt
2619 2381 2922 2437 occasione

815 2470 857 2498 “
898 2470 915 2498 ‘
940 2468 1119 2540 hujus
1178 2467 1600 2541 impedimenti,
1666 2484 1799 2538 quoe
1856 2466 2110 2521 aestimat
2158 2471 2454 2522 trecentas
2513 2484 2764 2532 marcas,
2830 2466 2853 2499 ²
2871 2470 2922 2521 d

821 2555 859 2582 “
903 2556 920 2583 ‘
947 2552 1186 2610 coetera!
1283 2552 1306 2585 ³
1325 2552 1493 2608 Licet
1544 2549 1734 2623 igitur
1775 2568 1954 2623 super
1996 2549 2203 2605 eodem
2247 2551 2453 2607 libello
2487 2551 2755 2623 legitime
2791 2569 2924 2606 con·

820 2641 858 2665 “
898 2642 1131 2703 testata,
1160 2637 1542 2708 praestitoque
1576 2654 1614 2692 a
1634 2635 1904 2708 partibus
1921 2634 2257 2707 juramento
2281 2635 2354 2690 de
2378 2637 2629 2693 veritate
2656 2637 2918 2700 dicenda,

818 2723 858 2750 ‘⁸
896 2722 1068 2778 factis
1119 2721 1256 2776 hinc
1292 2721 1429 2776 inde
1463 2719 1847 2793 petitionibus
1898 2726 1960 2776 et
2005 2719 2484 2791 responsionibus
2535 2720 2612 2776 ad
2660 2720 2916 2785 easdem,

820 2808 859 2833 “
896 2805 1148 2877 receptis
1202 2804 1472 2870 testibus,
1526 2809 1588 2860 et
1640 2821 1845 2859 eorum
1897 2803 2367 2861 attestationibus
2414 2804 2753 2876 publicatis,
2790 2822 2922 2876 pro-

820 2894 859 2918 “
899 2890 1210 2961 ductisque
1261 2907 1333 2944 ex
1366 2895 1533 2961 parte
1576 2888 1803 2944 Prioris
1856 2894 1918 2943 et
1954 2887 2291 2944 Conventus
2351 2888 2652 2960 aliquibus
2705 2890 2922 2946 instru-

822 2978 861 3004 “
898 2975 1112 3030 mentis
1147 2974 1304 3028 infra
1337 2974 1658 3029 terminum
1693 2972 2082 3044 assignatum,
2122 2991 2344 3028 necnon
2380 2973 2533 3039 aliis,
2566 2973 2643 3029 ad
2674 2991 2922 3047 quorum

821 3061 867 3087 ‘⁴
898 3057 1340 3131 productionem
1391 3062 1527 3129 post
1582 3058 1781 3129 ipsum
1839 3057 2159 3111 terminum
2212 3057 2358 3113 dicti
2418 3057 2592 3113 Prior
2653 3063 2715 3113 et
2774 3057 2925 3114 Con-

822 3145 862 3171 “
900 3147 1111 3198 ventus
1147 3141 1403 3206 fuerunt,
1432 3158 1539 3212 per
1570 3140 1921 3196 beneficium
1956 3141 2366 3206 restitutioniS,
2394 3141 2457 3196 in
2481 3142 2786 3213 integrum
2823 3142 2925 3197 ad·

826 3229 865 3255 “
906 3226 1095 3292 missi,
1148 3243 1256 3297 per
1290 3229 1697 3298 procuratores
1734 3226 1994 3298 partium
2042 3243 2241 3281 coram
2291 3226 2458 3281 nobis
2495 3226 2612 3282 fuit
2646 3227 2710 3282 in
2746 3244 2924 3282 causa

825 3314 863 3339 “
904 3311 1276 3377 conclusum;
1343 3309 1576 3381 quibus,
1629 3315 1765 3382 post
1816 3309 2018 3382 plures
2053 3308 2373 3366 Auditores
2423 3310 2485 3365 in
2535 3310 2696 3366 dicta
2748 3329 2924 3366 causa

825 3398 863 3424 ‘⁶
903 3412 1229 3461 concessos,
1273 3392 1551 3449 Summus
1598 3392 1871 3449 Pontifex
1906 3394 2098 3466 ipsam
2146 3393 2440 3450 commisit
2493 3394 2925 3451 sententialiter

827 3481 866 3507 “
904 3478 1272 3535 audiendam.
1395 3476 1654 3533 Tandem
1715 3475 1926 3532 Frater
1979 3477 2336 3543 willelmus,
2399 3484 2745 3550 procurator
2808 3479 2928 3534 dic·

825 3565 864 3590 “
903 3567 1096 3620 torum
1130 3561 1356 3618 Prioris
1393 3566 1455 3617 et
1491 3560 1848 3626 Conventus,
1888 3578 2178 3628 asserens,
2218 3562 2294 3617 ad
2332 3562 2718 3618 intentionem
2755 3581 2925 3620 suam

826 3649 865 3675 “
902 3646 1281 3719 probandam,
1338 3644 1739 3701 necessarium
1793 3645 1918 3700 fore
1972 3644 2368 3718 Privilegium
2415 3646 2581 3701 bonae
2627 3647 2931 3702 memoriae

827 3734 866 3759 ‘⁸
906 3730 1144 3786 Domini
1196 3729 1446 3795 Kalixti‚
1510 3729 1705 3802 Papae,
1764 3729 2038 3794 Secundi,
2109 3729 2266 3802 quod
2314 3731 2572 3786 nondum
2620 3730 2817 3787 fuerat
2866 3731 2929 3786 in

827 3819 866 3844 “
905 3834 1082 3872 causa
1115 3815 1485 3887 productum,
1514 3832 1588 3869 ne
1623 3832 1761 3886 pars
1804 3832 1912 3870 sua
1959 3831 2031 3872 ex
2078 3814 2267 3887 ipsius
2303 3815 2617 3871 omissione
2662 3817 2932 3886 graviter

828 3903 867 3928 ‘⁸
905 3900 1237 3964 laederetur,
1275 3899 1339 3953 in
1372 3904 1576 3955 nostra
1619 3898 1954 3970 praesentia,
1992 3899 2313 3971 postulavit
2350 3899 2483 3964 sibi,
2523 3898 2599 3955 ad
2634 3899 2696 3955 id
2733 3899 2928 3956 Privi-

829 3987 867 4012 “
906 3983 1131 4056 legium
1182 3982 1203 4014 ⁴
1220 3981 1680 4054 producendum,
1737 3982 1948 4039 saltem
1980 4001 2087 4055 per
2123 3983 2472 4039 beneficium
2527 3984 2921 4040 restitutionis

830 4070 870 4097 “
909 4069 970 4123 in
1028 4068 1331 4140 integrum
1390 4067 1691 4123 subveniri
1707 4090 1746 4133 3⁴
1789 4069 2222 4141 transcriptum·
2271 4067 2534 4140 ejusdem
2592 4067 2926 4139 Privilegii,

831 4155 869 4181 “
909 4170 984 4207 ne
1035 4151 1057 4183 ⁵
1075 4151 1432 4207 calumniam
1488 4151 1787 4223 aliquibus
1835 4152 2157 4220 videretur,
2201 4153 2452 4209 duorum
2503 4152 2930 4225 Episcopomm

833 4239 872 4265 “
911 4237 1211 4309 signatum
1247 4234 1488 4307 sigillis,
1528 4235 1806 4292 exhibens
1842 4253 2038 4293 coram
2072 4236 2259 4293 nobis.
2337 4236 2603 4309 Cumque
2638 4236 2931 4308 Magister

1394 4411 1493 4418 *-

904 4522 920 4555 ¹
948 4523 1036 4576 Sic
1058 4522 1112 4573 in
1134 4524 1289 4576 MSS.
2000 4524 2018 4556 ⁴
2031 4524 2384 4590 procedendum
2427 4524 2480 4575 in
2520 4524 2608 4577 the
2647 4525 2817 4585 MSS„
2855 4525 2933 4576 in·

905 4603 926 4634 ²
947 4601 1083 4651 salvo
1090 4604 1229 4666 jure,
1250 4611 1314 4666 et,
1336 4604 1388 4653 iu
1408 4603 1523 4655 MS.
1546 4603 1684 4655 Nero
1707 4604 1773 4656 D.
1797 4603 1829 4655 i.
1930 4604 2192 4670 correctly.

910 4680 932 4712 ³
956 4680 1082 4731 This
1109 4697 1319 4748 passage
1351 4698 1561 4748 appears
1580 4689 1635 4734 to
1669 4685 1734 4735 be
1765 4683 1844 4733 in-
1995 4683 2017 4714 ⁸
2039 4682 2124 4735 Sic
2203 4684 2257 4734 in
2335 4683 2507 4746 Mss„
2573 4683 2786 4750 perhaps
2850 4685 2932 4740 for

841 4760 1098 4831 complete.
1929 4763 1960 4790 “
1983 4761 2324 4818 calatavuturi?
2755 4771 2762 4776 “
