3450 5717
779 787 909 851 502
1558 789 1917 840 APPENDIX
1963 772 2075 858 (c).

785 990 823 1015 ‘⁴
861 985 934 1041 ab
975 984 1160 1039 officio
1219 980 1418 1038 divino
1469 979 1846 1051 suspendere,
1907 994 2014 1033 seu
2063 976 2303 1049 aliquod
2336 976 2400 1031 in
2445 974 2532 1030 eis
2577 972 2677 1030 vel
2709 970 2879 1028 mini·

784 1074 822 1098 “
861 1087 1024 1125 mum
1058 1060 1180 1137 jus'
1221 1081 1512 1131 exercere,
1567 1069 1671 1120 aut
1754 1064 1771 1096 ¹
1788 1061 2173 1135 parochianos
2216 1078 2354 1117 suos
2400 1076 2437 1116 a
2485 1056 2888 1115 communione

786 1157 823 1182 “
861 1154 1101 1209 illorum
1186 1150 1515 1223 prohibere,
1589 1151 2002 1219 praesumant3
2084 1146 2190 1203 sed
2264 1144 2464 1201 omnia
2532 1140 2891 1215 pontificalia

785 1242 823 1266 “
862 1254 1065 1293 earum
1108 1235 1265 1307 jura,
1304 1240 1364 1290 et
1419 1249 1788 1305 quaecunque
1825 1231 2106 1287 Ecclesiae
2146 1228 2347 1286 Sancti
2378 1225 2597 1283 Albani
2642 1224 2878 1287 fuerint,

784 1325 821 1350 “
859 1321 1109 1377 Abbatis
1136 1317 1504 1374 solummodo
1541 1316 1809 1388 ejusdem
1857 1314 2200 1370 monasterii
2240 1311 2515 1385 potestati
2530 1309 2716 1365 libere
2734 1314 2886 1363 trac-

780 1407 820 1433 “
859 1404 1037 1460 tanda
1054 1404 1410 1475 subjaceant.
1449 1401 1743 1457 Nolumus
1758 1400 1914 1455 enim
1927 1406 1995 1457 ut
2009 1398 2207 1465 alicui,
2232 1397 2349 1453 nisi
2371 1401 2600 1453 tautum
2623 1393 2882 1449 Romano

783 1493 822 1518 “
859 1489 1149 1553 Pontifici,
1189 1486 1437 1542 debeant
1499 1488 1563 1541 in
1610 1485 1810 1557 aliquo
1861 1483 2239 1556 respondere.
2349 1481 2478 1536 Nec
2536 1475 2882 1535 Monasterii

785 1578 823 1603 “
861 1574 1047 1629 vostri
1095 1572 1294 1627 Abbas
1341 1571 1440 1627 vel
1497 1570 1791 1635 monachi,
1846 1586 1953 1624 ceu
2001 1567 2309 1623 Oellarum
2362 1570 2692 1620 vestrarum
2754 1560 2881 1616 ubi-

785 1661 824 1687 “
861 1659 1007 1714 libet
1053 1658 1377 1728 positarum
1429 1656 1688 1727 fratres„
1715 1670 1825 1726 pro
1876 1652 2138 1724 qualibet
2198 1649 2606 1705 interdictione
2641 1648 2739 1703 vel
2786 1662 2881 1701 ex-

784 1745 824 1773 “
863 1741 1403 1804 communicatione,
1467 1741 1646 1795 etiam
1718 1741 1773 1794 si
1839 1752 2148 1794 commune
2224 1734 2246 1766 ²
2260 1733 2652 1791 Interdictum
2710 1736 2888 1787 terrae

787 1831 825 1859 “
865 1827 1064 1890 fuerit,
1133 1824 1466 1879 divinorum
1532 1823 1856 1879 officiorum
1904 1820 2343 1893 suspensionem
2398 1818 2727 1891 patiantur-3
2781 1813 2887 1870 sed

789 1914 829 1940 ‘⁸
868 1915 991 1965 tam
1031 1908 1232 1964 Abbas
1285 1913 1346 1963 et
1392 1907 1661 1963 monachi
1720 1907 1861 1979 ipsi,
1937 1923 2115 1977 quam
2175 1910 2237 1960 et
2289 1903 2497 1959 famuli
2546 1918 2766 1965 eorum,
2826 1905 2891 1954 ct

788 1998 825 2024 “
865 1994 968 2065 qui
1024 2010 1087 2049 se
1137 1992 1475 2047 monasticae
1526 1990 1877 2064 professioni
1935 1989 2313 2053 devoverunt,
2353 1987 2571 2043 clausis
2616 1983 2887 2041 ecclesia-

787 2082 825 2108 “
863 2096 999 2133 rum
1038 2077 1257 2149 Januis,
1322 2094 1438 2132 non
1484 2077 1760 2131 admissis
1823 2073 2335 2130 excommunicatis
2392 2068 2494 2127 ³et
2540 2068 2882 2132 interdicti&

790 2167 827 2195 “
867 2162 1046 2218 etiam
1106 2161 1356 2232 pulsatis
1412 2158 1849 2226 tintinnabulis,
1874 2155 2178 2214 humiliori
2249 2174 2393 2213 voce
2445 2154 2647 2210 divina
2708 2153 2892 2209 officia

790 2250 828 2276 “
868 2245 1182 2310 celebrent,
1238 2251 1299 2301 et
1335 2245 1654 2317 sepulturas
1699 2244 1786 2300 eis
1836 2243 2037 2300 debita
2094 2244 2394 2313 peragant.
2492 2239 2699 2295 Liceat
2752 2254 2893 2310 quo-

754 2355 758 2359 ·
791 2333 829 2360 ‘⁴
869 2346 982 2402 que
1007 2329 1192 2394 vobis,
1234 2328 1696 2401 quandocunque
1719 2346 1829 2385 vos
1855 2327 2168 2383 manifeste
2197 2324 2434 2397 gravari
2473 2322 2791 2386 senseritis,
2820 2320 2899 2376 ad

791 2419 831 2444 “
868 2413 1197 2469 remedium
1244 2412 1266 2444 ⁴
1292 2413 1703 2484 appellationis
1760 2412 2100 2483 confugere,
2140 2408 2373 2465 etiamsi
2418 2408 2483 2463 in
2527 2424 2706 2463 causa
2761 2424 2893 2479 quae

793 2502 832 2530 ‘⁶
870 2503 1074 2555 contra
1105 2515 1213 2553 vos
1265 2497 1464 2568 agitur
1499 2497 1819 2568 appellatio
1858 2495 1936 2551 sit
1985 2500 2231 2550 remota.
2305 2492 2450 2548 Post
2495 2490 2708 2547 factam
2749 2509 2894 2547 vero

794 2586 834 2612 “
874 2582 1346 2654 appellationem,
1404 2581 1624 2636 nemini
1678 2582 1857 2636 liceat
1915 2579 1979 2635 in
2027 2596 2134 2635 vos
2196 2576 2541 2633 sententiam
2576 2576 2737 2641 dare,
2798 2576 2899 2631 vel

795 2670 835 2698 ‘⁶
873 2665 1099 2736 aliquid
1149 2667 1447 2731 innovare,
1500 2682 1605 2720 seu
1659 2682 1784 2731 vos,
1854 2670 1956 2720 aut
2005 2662 2400 2736 possessiones
2445 2666 2692 2727 vestras,
2744 2678 2896 2717 ausu

797 2754 835 2780 “
875 2750 1194 2806 temerario
1230 2750 1597 2821 perturbare.
1691 2748 1789 2804 Ad
1843 2749 1970 2804 haec
2009 2747 2338 2811 sancimus,
2392 2762 2467 2800 ne
2519 2745 2653 2817 quis
2690 2746 2904 2801 stan-es

798 2837 835 2863 “
873 2839 1123 2898 vestros,
1191 2839 1326 2904 post
1375 2833 1592 2888 factam
1654 2831 1717 2887 in
1779 2832 2136 2888 Monasterio
2201 2834 2399 2886 vestro
2454 2828 2895 2901 professionem,

798 2920 837 2948 “
874 2916 1094 2987 absque
1131 2914 1380 2971 Abbatis
1424 2915 1663 2971 licentia
1710 2916 2008 2987 suscipere
2045 2914 2275 2979 audeat,
2313 2913 2408 2970 vel
2453 2912 2724 2968 retinere.
2798 2913 2897 2968 In-

798 3004 837 3034 “
875 3000 1150 3055 bibemus
1187 2999 1449 3071 insuper,
1489 3006 1558 3054 ut
1603 3000 1756 3055 nulli
1795 2998 2029 3055 omnino
2065 2999 2368 3055 hominum
2396 2997 2574 3054 liceat
2617 2998 2684 3054 in
2717 2996 2897 3053 Collis

799 3089 839 3117 “
876 3084 1116 3148 vestris,
1175 3083 1396 3153 absque
1449 3092 1698 3140 assensu
1731 3087 1947 3148 vestro,
1993 3083 2286 3139 Abbatem
2332 3081 2644 3154 aliquando
2692 3083 2902 3138 consti-

802 3171 840 3201 “
880 3173 1069 3224 tuere.
1146 3166 1430 3223 Ecclesiae
1470 3173 1667 3223 autem
1701 3167 1767 3221 in
1803 3167 2017 3239 quibus
2049 3168 2190 3238 jura
2232 3166 2591 3238 pontificalia
2638 3184 2757 3222 non
2800 3168 2902 3223 ha·

801 3256 840 3283 ‘⁸
877 3252 1050 3316 betis,
1092 3249 1218 3306 sive
1262 3250 1518 3322 Capellae
1553 3256 1786 3316 vestrae,
1829 3257 1891 3307 et
1926 3250 2277 3316 coemeteria,
2317 3250 2507 3306 libera
2543 3250 2679 3316 sint,
2730 3255 2791 3307 et
2827 3252 2899 3306 ab

802 3340 841 3368 ‘⁴
879 3336 1036 3393 omni
1074 3335 1371 3391 exactione
1407 3335 1707 3399 immunia,
1761 3340 1977 3408 praeter
2013 3335 2289 3407 Episcopi
2352 3339 2687 3391 consuetam
2734 3353 2899 3408 para-

803 3424 841 3452 “
880 3427 1002 3476 tam
1034 3418 1344 3489 justitiam,
1397 3426 1457 3474 et
1498 3419 1794 3490 justitiam
1833 3420 1898 3474 in
1943 3418 2339 3491 presbyteroS,
2383 3419 2437 3474 si
2478 3418 2761 3477 adversus
2810 3421 2905 3477 sui

803 3506 844 3535 “
881 3503 1104 3559 ordinis
1140 3502 1485 3557 offenderint
1537 3503 1905 3575 dignitatem.
1998 3502 2020 3535 ⁶
2033 3503 2106 3558 In
2143 3503 2357 3574 quibus
2391 3501 2669 3560 videlicet
2700 3504 2902 3561 Eccle-

805 3592 846 3619 “
883 3588 1007 3654 siis,
1047 3587 1142 3643 vel
1181 3586 1457 3659 capellis,
1496 3587 1673 3644 liceat
1705 3587 1890 3654 vobis,
1931 3605 2039 3644 seu
2074 3588 2355 3644 frain-ibus
2388 3589 2624 3654 vestris,
2661 3590 2903 3662 presby·

807 3674 846 3704 ‘⁸
884 3678 1042 3728 teros
1078 3671 1337 3743 eligere3
1391 3672 1477 3726 ita
1509 3676 1725 3736 tamen,
1768 3670 1925 3743 quod
1978 3671 2052 3727 ab
2087 3671 2415 3744 Episcopis,
2453 3672 2552 3729 vel
2584 3672 2901 3747 Episcopo·

808 3757 848 3787 “
884 3773 1019 3811 rum
1052 3755 1309 3820 vicariis,
1336 3755 1663 3811 animarum
1698 3772 1903 3812 curam
1940 3756 2160 3828 absque
2193 3758 2509 3814 venalitate
2545 3759 2901 3830 suscipiant3

808 3844 849 3871 “
887 3840 991 3911 qui
1048 3838 1330 3893 nimirum
1365 3839 1729 3913 presbyteris
1800 3857 1935 3896 cum
1976 3846 2207 3898 tantum
2249 3841 2710 3914 assignaverim,
2747 3844 2905 3899 unde

810 3926 850 3955 “
885 3923 1079 3980 victus
1117 3928 1178 3978 et
1211 3923 1460 3980 vestitus
1486 3923 1854 3981 ⁷necessaria
1869 3925 2098 3997 possint
2130 3927 2373 3982 honeste
2395 3927 2715 4000 percipere,
2744 3929 2905 4000 quic-

811 4011 850 4039 “
889 4006 1032 4079 quid
1066 4006 1371 4062 residuum
1424 4007 1605 4063 fuerit
1656 4009 1834 4065 liceat
1867 4008 2036 4067 vobis
2085 4010 2149 4065 in
2183 4029 2328 4067 usus
2362 4013 2632 4085 proprios
2668 4031 2901 4071 conver·

883 4227 900 4260 ¹
909 4227 1285 4294 parrochianos
1310 4228 1364 4277 in
1387 4227 1501 4279 MS.
1972 4234 1993 4263 ⁶
2018 4230 2103 4284 Ne
2125 4235 2235 4297 quis
2255 4249 2375 4283 suos
2392 4234 2666 4298 monachos,
2685 4237 2788 4286 εἰπε
2803 4236 2907 4286 Δὸ-

879 4306 902 4339 2
924 4306 1074 4368 Quod
1116 4308 1230 4358 licet
1275 4307 1525 4360 celebrare
1565 4310 1738 4359 divina
1776 4314 1828 4360 in
1906 4310 2038 4362 batis
2082 4312 2302 4373 lieentia,
2334 4314 2909 4382 suscipiat—Marginal

815 4385 1082 4436 Inter-dicto
1190 4386 1437 4439 Generali.
1473 4389 1564 4457 -ἱ
1574 4389 1828 4456 Marginal
1909 4390 2045 4442 Note
2068 4389 2122 4440 in
2143 4391 2257 4443 MS.

814 4463 948 4515 Note
969 4464 1024 4515 in
1046 4465 1158 4517 MS.
1975 4469 1997 4503 ⁸
2027 4469 2114 4522 De
2138 4470 2381 4537 beneficiis
2403 4475 2453 4525 in
2466 4477 2702 4542 proprios
2716 4492 2911 4527 conver-

883 4540 906 4576 ⁸
927 4549 977 4592 et
997 4547 1231 4608 repeated
1258 4546 1313 4595 in
1335 4545 1450 4600 MS.
1912 4549 2075 4602 tendis
2097 4554 2552 4622 usus.—Margiml
2568 4556 2701 4608 Note
2714 4555 2771 4607 ιιι
2793 4555 2909 4609 MS.

883 4620 906 4654 ⁴
927 4620 1014 4672 De
1036 4622 1367 4690 appellatione
1389 4627 1534 4680 etiam
1569 4636 1830 4681 rmtoe—
1975 4629 1998 4668 ⁷
2021 4631 2108 4685 Sic
2139 4631 2194 4683 ιιι
2215 4631 2328 4685 MS.

821 4701 1080 4768 marginal
1104 4703 1239 4755 Note
1260 4705 1316 4755 in
1341 4704 1453 4758 MS.
