<?xml version="1.0" encoding="UTF-8"?>
<!DOCTYPE html PUBLIC "-//W3C//DTD XHTML 1.0 Transitional//EN"
    "http://www.w3.org/TR/xhtml1/DTD/xhtml1-transitional.dtd">
<html xmlns="http://www.w3.org/1999/xhtml" xml:lang="en" lang="en">
 <head>
  <title>
</title>
<meta http-equiv="Content-Type" content="text/html;charset=utf-8" />
  <meta name='ocr-system' content='tesseract 3.04.00' />
  <meta name='ocr-capabilities' content='ocr_page ocr_carea ocr_par ocr_line ocrx_word'/>
</head>
<body>
  <div class='ocr_page' id='page_1' title='image "./gestaabbatummon00rilegoog_0526.png"; bbox 0 0 3450 5717; ppageno 0'>
   <div class='ocr_carea' id='block_1_1' title="bbox 896 858 2217 947">
    <p class='ocr_par' dir='ltr' id='par_1_1' title="bbox 896 858 2217 947">
     <span class='ocr_line' id='line_1_1' title="bbox 896 858 2217 947; baseline 0.001 -23"><span class='ocrx_word' id='word_1_1' title='bbox 896 860 1028 926; x_wconf 76' lang='lat'><strong>492</strong></span> <span class='ocrx_word' id='word_1_2' title='bbox 1699 876 2054 926; x_wconf 70' lang='lat' dir='ltr'><strong>Arrsnmx</strong></span> <span class='ocrx_word' id='word_1_3' title='bbox 2102 858 2217 947; x_wconf 83' lang='lat' dir='ltr'><strong>(s).</strong></span> 
     </span>
    </p>
   </div>
   <div class='ocr_carea' id='block_1_2' title="bbox 869 1058 3001 4337">
    <p class='ocr_par' dir='ltr' id='par_1_2' title="bbox 869 1058 3001 4337">
     <span class='ocr_line' id='line_1_2' title="bbox 965 1058 3001 1133; baseline 0 -17"><span class='ocrx_word' id='word_1_4' title='bbox 965 1059 982 1092; x_wconf 89' lang='lat'>¹</span> <span class='ocrx_word' id='word_1_5' title='bbox 999 1058 1203 1116; x_wconf 89' lang='lat' dir='ltr'><strong>Obiter</strong></span> <span class='ocrx_word' id='word_1_6' title='bbox 1241 1060 1738 1133; x_wconf 71' lang='lat' dir='ltr'><strong>colloquebantur,</strong></span> <span class='ocrx_word' id='word_1_7' title='bbox 1780 1067 1850 1119; x_wconf 90' lang='lat' dir='ltr'><strong>ut</strong></span> <span class='ocrx_word' id='word_1_8' title='bbox 1888 1060 2039 1119; x_wconf 87' lang='lat' dir='ltr'><strong>solet</strong></span> <span class='ocrx_word' id='word_1_9' title='bbox 2076 1061 2299 1118; x_wconf 85' lang='lat' dir='ltr'><strong>amicus</strong></span> <span class='ocrx_word' id='word_1_10' title='bbox 2337 1075 2471 1118; x_wconf 84' lang='lat' dir='ltr'><strong>cum</strong></span> <span class='ocrx_word' id='word_1_11' title='bbox 2523 1060 2713 1117; x_wconf 90' lang='lat' dir='ltr'><strong>amico</strong></span> <span class='ocrx_word' id='word_1_12' title='bbox 2738 1059 3001 1117; x_wconf 86' lang='lat' dir='ltr'><strong>co-itine-</strong></span> 
     </span>
     <span class='ocr_line' id='line_1_3' title="bbox 892 1144 2990 1211; baseline 0.001 -12"><span class='ocrx_word' id='word_1_13' title='bbox 892 1149 1077 1208; x_wconf 86' lang='lat' dir='ltr'><strong>rante,</strong></span> <span class='ocrx_word' id='word_1_14' title='bbox 1105 1148 1232 1199; x_wconf 90' lang='lat' dir='ltr'><strong>tum</strong></span> <span class='ocrx_word' id='word_1_15' title='bbox 1268 1144 1343 1199; x_wconf 92' lang='lat' dir='ltr'><strong>de</strong></span> <span class='ocrx_word' id='word_1_16' title='bbox 1376 1144 1611 1201; x_wconf 86' lang='lat' dir='ltr'><strong>moeniis</strong></span> <span class='ocrx_word' id='word_1_17' title='bbox 1648 1145 1861 1201; x_wconf 82' lang='lat' dir='ltr'><strong>dirutoe</strong></span> <span class='ocrx_word' id='word_1_18' title='bbox 1897 1146 2175 1211; x_wconf 88' lang='lat' dir='ltr'><strong>civitatis,</strong></span> <span class='ocrx_word' id='word_1_19' title='bbox 2203 1152 2332 1202; x_wconf 89' lang='lat' dir='ltr'><strong>tum</strong></span> <span class='ocrx_word' id='word_1_20' title='bbox 2367 1145 2441 1201; x_wconf 90' lang='lat' dir='ltr'><strong>de</strong></span> <span class='ocrx_word' id='word_1_21' title='bbox 2476 1162 2646 1201; x_wconf 89' lang='lat' dir='ltr'><strong>amne</strong></span> <span class='ocrx_word' id='word_1_22' title='bbox 2683 1144 2990 1210; x_wconf 79' lang='lat' dir='ltr'><strong>diminute,</strong></span> 
     </span>
     <span class='ocr_line' id='line_1_4' title="bbox 891 1228 2999 1309; baseline 0.001 -26"><span class='ocrx_word' id='word_1_23' title='bbox 891 1233 1019 1283; x_wconf 91' lang='lat' dir='ltr'><strong>tum</strong></span> <span class='ocrx_word' id='word_1_24' title='bbox 1055 1228 1129 1283; x_wconf 91' lang='lat' dir='ltr'><strong>de</strong></span> <span class='ocrx_word' id='word_1_25' title='bbox 1153 1234 1337 1285; x_wconf 90' lang='lat' dir='ltr'><strong>strata</strong></span> <span class='ocrx_word' id='word_1_26' title='bbox 1360 1230 1656 1287; x_wconf 87' lang='lat' dir='ltr'><strong>communi</strong></span> <span class='ocrx_word' id='word_1_27' title='bbox 1680 1230 1983 1302; x_wconf 74' lang='lat' dir='ltr'><strong>adjacente</strong></span> <span class='ocrx_word' id='word_1_28' title='bbox 2019 1231 2266 1296; x_wconf 90' lang='lat' dir='ltr'><strong>civitati,</strong></span> <span class='ocrx_word' id='word_1_29' title='bbox 2294 1237 2423 1309; x_wconf 81' lang='lat' dir='ltr'><strong>tum</strong></span> <span class='ocrx_word' id='word_1_30' title='bbox 2445 1229 2519 1285; x_wconf 91' lang='lat' dir='ltr'><strong>de</strong></span> <span class='ocrx_word' id='word_1_31' title='bbox 2548 1231 2803 1285; x_wconf 86' lang='lat' dir='ltr'><strong>adventu</strong></span> <span class='ocrx_word' id='word_1_32' title='bbox 2827 1229 2999 1286; x_wconf 87' lang='lat' dir='ltr'><strong>Beati</strong></span> 
     </span>
     <span class='ocr_line' id='line_1_5' title="bbox 891 1310 2998 1384; baseline 0.001 -17"><span class='ocrx_word' id='word_1_33' title='bbox 891 1310 1247 1384; x_wconf 82' lang='lat' dir='ltr'><strong>Amphibali,</strong></span> <span class='ocrx_word' id='word_1_34' title='bbox 1274 1313 1547 1384; x_wconf 75' lang='lat' dir='ltr'><strong>magistri</strong></span> <span class='ocrx_word' id='word_1_35' title='bbox 1571 1313 1683 1380; x_wconf 90' lang='lat' dir='ltr'><strong>sui,</strong></span> <span class='ocrx_word' id='word_1_36' title='bbox 1711 1315 1776 1369; x_wconf 91' lang='lat' dir='ltr'><strong>in</strong></span> <span class='ocrx_word' id='word_1_37' title='bbox 1796 1315 2115 1382; x_wconf 86' lang='lat' dir='ltr'><strong>civitatem,</strong></span> <span class='ocrx_word' id='word_1_38' title='bbox 2138 1322 2266 1371; x_wconf 90' lang='lat' dir='ltr'><strong>tum</strong></span> <span class='ocrx_word' id='word_1_39' title='bbox 2288 1314 2624 1381; x_wconf 22' lang='lat' dir='ltr'><strong>de&#39;recessu</strong></span> <span class='ocrx_word' id='word_1_40' title='bbox 2648 1314 2721 1369; x_wconf 88' lang='lat' dir='ltr'><strong>ab</strong></span> <span class='ocrx_word' id='word_1_41' title='bbox 2744 1313 2998 1370; x_wconf 86' lang='lat' dir='ltr'><strong>invicem</strong></span> 
     </span>
     <span class='ocr_line' id='line_1_6' title="bbox 891 1396 2996 1472; baseline 0.001 -22"><span class='ocrx_word' id='word_1_42' title='bbox 891 1396 1268 1462; x_wconf 70' lang='lat' dir='ltr'><strong>lamentabili,</strong></span> <span class='ocrx_word' id='word_1_43' title='bbox 1319 1403 1447 1453; x_wconf 90' lang='lat' dir='ltr'><strong>tum</strong></span> <span class='ocrx_word' id='word_1_44' title='bbox 1493 1397 1567 1452; x_wconf 90' lang='lat' dir='ltr'><strong>de</strong></span> <span class='ocrx_word' id='word_1_45' title='bbox 1608 1399 1919 1471; x_wconf 87' lang='lat' dir='ltr'><strong>utriusque</strong></span> <span class='ocrx_word' id='word_1_46' title='bbox 1967 1400 2256 1472; x_wconf 82' lang='lat' dir='ltr'><strong>passione.</strong></span> <span class='ocrx_word' id='word_1_47' title='bbox 2346 1398 2426 1454; x_wconf 83' lang='lat' dir='ltr'><strong>Et</strong></span> <span class='ocrx_word' id='word_1_48' title='bbox 2472 1415 2833 1471; x_wconf 74' lang='lat' dir='ltr'><strong>quaecunque</strong></span> <span class='ocrx_word' id='word_1_49' title='bbox 2881 1398 2996 1453; x_wconf 82' lang='lat' dir='ltr'><strong>Ro-</strong></span> 
     </span>
     <span class='ocr_line' id='line_1_7' title="bbox 891 1481 2998 1556; baseline 0 -19"><span class='ocrx_word' id='word_1_50' title='bbox 891 1481 1089 1537; x_wconf 87' lang='lat' dir='ltr'><strong>bertus</strong></span> <span class='ocrx_word' id='word_1_51' title='bbox 1126 1481 1491 1554; x_wconf 83' lang='lat' dir='ltr'><strong>interrogare</strong></span> <span class='ocrx_word' id='word_1_52' title='bbox 1531 1483 1784 1549; x_wconf 84' lang='lat' dir='ltr'><strong>volebat,</strong></span> <span class='ocrx_word' id='word_1_53' title='bbox 1836 1484 2065 1556; x_wconf 75' lang='lat' dir='ltr'><strong>Mas-tyr</strong></span> <span class='ocrx_word' id='word_1_54' title='bbox 2100 1487 2369 1556; x_wconf 80' lang='lat' dir='ltr'><strong>prompta</strong></span> <span class='ocrx_word' id='word_1_55' title='bbox 2404 1482 2777 1555; x_wconf 79' lang='lat' dir='ltr'><strong>responsione</strong></span> <span class='ocrx_word' id='word_1_56' title='bbox 2816 1481 2998 1538; x_wconf 88' lang='lat' dir='ltr'><strong>disse-</strong></span> 
     </span>
     <span class='ocr_line' id='line_1_8' title="bbox 888 1565 2993 1640; baseline 0.002 -21"><span class='ocrx_word' id='word_1_57' title='bbox 888 1565 1072 1622; x_wconf 82' lang='lat' dir='ltr'><strong>rebat.</strong></span> <span class='ocrx_word' id='word_1_58' title='bbox 1147 1565 1411 1638; x_wconf 86' lang='lat' dir='ltr'><strong>Contigit</strong></span> <span class='ocrx_word' id='word_1_59' title='bbox 1433 1572 1630 1622; x_wconf 88' lang='lat' dir='ltr'><strong>autem</strong></span> <span class='ocrx_word' id='word_1_60' title='bbox 1651 1572 1738 1632; x_wconf 92' lang='lat' dir='ltr'><strong>ut,</strong></span> <span class='ocrx_word' id='word_1_61' title='bbox 1765 1569 1922 1624; x_wconf 87' lang='lat' dir='ltr'><strong>inter</strong></span> <span class='ocrx_word' id='word_1_62' title='bbox 1943 1568 2318 1640; x_wconf 90' lang='lat' dir='ltr'><strong>loquendum,</strong></span> <span class='ocrx_word' id='word_1_63' title='bbox 2339 1567 2620 1639; x_wconf 85' lang='lat' dir='ltr'><strong>quosdam</strong></span> <span class='ocrx_word' id='word_1_64' title='bbox 2643 1571 2993 1623; x_wconf 73' lang='lat' dir='ltr'><strong>mercatores</strong></span> 
     </span>
     <span class='ocr_line' id='line_1_9' title="bbox 889 1649 2995 1723; baseline 0.001 -20"><span class='ocrx_word' id='word_1_65' title='bbox 889 1649 961 1703; x_wconf 89' lang='lat' dir='ltr'><strong>de</strong></span> <span class='ocrx_word' id='word_1_66' title='bbox 986 1649 1309 1721; x_wconf 86' lang='lat' dir='ltr'><strong>Dunstaple</strong></span> <span class='ocrx_word' id='word_1_67' title='bbox 1345 1650 1628 1707; x_wconf 89' lang='lat' dir='ltr'><strong>haberent</strong></span> <span class='ocrx_word' id='word_1_68' title='bbox 1662 1652 1888 1718; x_wconf 86' lang='lat' dir='ltr'><strong>obvios,</strong></span> <span class='ocrx_word' id='word_1_69' title='bbox 1917 1652 2018 1723; x_wconf 91' lang='lat' dir='ltr'><strong>qui</strong></span> <span class='ocrx_word' id='word_1_70' title='bbox 2053 1669 2224 1707; x_wconf 88' lang='lat' dir='ltr'><strong>mane</strong></span> <span class='ocrx_word' id='word_1_71' title='bbox 2260 1651 2547 1707; x_wconf 73' lang='lat' dir='ltr'><strong>interesse</strong></span> <span class='ocrx_word' id='word_1_72' title='bbox 2580 1650 2708 1706; x_wconf 86' lang='lat' dir='ltr'><strong>foro</strong></span> <span class='ocrx_word' id='word_1_73' title='bbox 2743 1650 2806 1706; x_wconf 92' lang='lat' dir='ltr'><strong>in</strong></span> <span class='ocrx_word' id='word_1_74' title='bbox 2842 1669 2995 1722; x_wconf 85' lang='lat' dir='ltr'><strong>pago</strong></span> 
     </span>
     <span class='ocr_line' id='line_1_10' title="bbox 890 1732 2989 1806; baseline 0 -18"><span class='ocrx_word' id='word_1_75' title='bbox 890 1732 1090 1789; x_wconf 86' lang='lat' dir='ltr'><strong>Sancti</strong></span> <span class='ocrx_word' id='word_1_76' title='bbox 1149 1733 1386 1803; x_wconf 85' lang='lat' dir='ltr'><strong>Albani</strong></span> <span class='ocrx_word' id='word_1_77' title='bbox 1423 1752 1534 1806; x_wconf 90' lang='lat' dir='ltr'><strong>pro</strong></span> <span class='ocrx_word' id='word_1_78' title='bbox 1585 1736 1843 1806; x_wconf 84' lang='lat' dir='ltr'><strong>negotiis</strong></span> <span class='ocrx_word' id='word_1_79' title='bbox 1892 1735 2299 1792; x_wconf 62' lang='lat' dir='ltr'><strong>festinabant·</strong></span> <span class='ocrx_word' id='word_1_80' title='bbox 2362 1734 2626 1804; x_wconf 79' lang='lat' dir='ltr'><strong>Quorum</strong></span> <span class='ocrx_word' id='word_1_81' title='bbox 2648 1734 2989 1800; x_wconf 66' lang='lat' dir='ltr'><strong>‚adventum</strong></span> 
     </span>
     <span class='ocr_line' id='line_1_11' title="bbox 884 1816 2989 1891; baseline 0.001 -20"><span class='ocrx_word' id='word_1_82' title='bbox 884 1816 1227 1888; x_wconf 77' lang='lat' dir='ltr'><strong>praedicenS,</strong></span> <span class='ocrx_word' id='word_1_83' title='bbox 1278 1817 1364 1873; x_wconf 87' lang='lat' dir='ltr'><strong>ait</strong></span> <span class='ocrx_word' id='word_1_84' title='bbox 1411 1818 1645 1890; x_wconf 81' lang='lat' dir='ltr'><strong>Martyr</strong></span> <span class='ocrx_word' id='word_1_85' title='bbox 1667 1819 2199 1875; x_wconf 72' lang='lat' dir='ltr'><strong>2-“.Divertamus</strong></span> <span class='ocrx_word' id='word_1_86' title='bbox 2248 1819 2567 1891; x_wconf 81' lang='lat' dir='ltr'><strong>paulisper,</strong></span> <span class='ocrx_word' id='word_1_87' title='bbox 2631 1818 2813 1874; x_wconf 85' lang='lat' dir='ltr'><strong>donec</strong></span> <span class='ocrx_word' id='word_1_88' title='bbox 2858 1837 2989 1889; x_wconf 91' lang='lat' dir='ltr'><strong>per-</strong></span> 
     </span>
     <span class='ocr_line' id='line_1_12' title="bbox 890 1900 2988 1974; baseline 0.002 -20"><span class='ocrx_word' id='word_1_89' title='bbox 890 1902 928 1926; x_wconf 90' lang='lat'><strong>“</strong></span> <span class='ocrx_word' id='word_1_90' title='bbox 966 1900 1307 1956; x_wconf 69' lang='lat' dir='ltr'><strong>transierint,</strong></span> <span class='ocrx_word' id='word_1_91' title='bbox 1343 1900 1743 1967; x_wconf 80' lang='lat' dir='ltr'><strong>adventantes,</strong></span> <span class='ocrx_word' id='word_1_92' title='bbox 1769 1921 1843 1958; x_wconf 90' lang='lat' dir='ltr'><strong>ne</strong></span> <span class='ocrx_word' id='word_1_93' title='bbox 1883 1903 2033 1959; x_wconf 86' lang='lat' dir='ltr'><strong>forte</strong></span> <span class='ocrx_word' id='word_1_94' title='bbox 2071 1904 2185 1959; x_wconf 90' lang='lat' dir='ltr'><strong>iter</strong></span> <span class='ocrx_word' id='word_1_95' title='bbox 2222 1908 2489 1959; x_wconf 88' lang='lat' dir='ltr'><strong>nostrum</strong></span> <span class='ocrx_word' id='word_1_96' title='bbox 2512 1901 2835 1974; x_wconf 84' lang='lat' dir='ltr'><strong>impediant</strong></span> <span class='ocrx_word' id='word_1_97' title='bbox 2856 1920 2988 1974; x_wconf 87' lang='lat' dir='ltr'><strong>per·</strong></span> 
     </span>
     <span class='ocr_line' id='line_1_13' title="bbox 891 1984 2988 2056; baseline 0.001 -17"><span class='ocrx_word' id='word_1_98' title='bbox 891 1986 929 2010; x_wconf 91' lang='lat'><strong>“</strong></span> <span class='ocrx_word' id='word_1_99' title='bbox 967 1984 1499 2049; x_wconf 82' lang='lat' dir='ltr'><strong>contando,”-·iter</strong></span> <span class='ocrx_word' id='word_1_100' title='bbox 1522 1988 1679 2042; x_wconf 90' lang='lat' dir='ltr'><strong>enim</strong></span> <span class='ocrx_word' id='word_1_101' title='bbox 1706 1988 1780 2043; x_wconf 91' lang='lat' dir='ltr'><strong>ab</strong></span> <span class='ocrx_word' id='word_1_102' title='bbox 1807 2004 1875 2043; x_wconf 90' lang='lat' dir='ltr'><strong>eo</strong></span> <span class='ocrx_word' id='word_1_103' title='bbox 1900 1988 2246 2044; x_wconf 83' lang='lat' dir='ltr'><strong>coruscavit.</strong></span> <span class='ocrx_word' id='word_1_104' title='bbox 2322 1986 2491 2056; x_wconf 77' lang='lat' dir='ltr'><strong>Quod</strong></span> <span class='ocrx_word' id='word_1_105' title='bbox 2528 1991 2588 2041; x_wconf 90' lang='lat' dir='ltr'><strong>et</strong></span> <span class='ocrx_word' id='word_1_106' title='bbox 2624 1986 2845 2042; x_wconf 86' lang='lat' dir='ltr'><strong>factum</strong></span> <span class='ocrx_word' id='word_1_107' title='bbox 2878 1993 2988 2042; x_wconf 86' lang='lat' dir='ltr'><strong>est.</strong></span> 
     </span>
     <span class='ocr_line' id='line_1_14' title="bbox 885 2067 2989 2141; baseline 0.001 -18"><span class='ocrx_word' id='word_1_108' title='bbox 885 2067 1039 2124; x_wconf 84' lang='lat' dir='ltr'><strong>Cum</strong></span> <span class='ocrx_word' id='word_1_109' title='bbox 1080 2075 1277 2124; x_wconf 89' lang='lat' dir='ltr'><strong>autem</strong></span> <span class='ocrx_word' id='word_1_110' title='bbox 1317 2071 1722 2141; x_wconf 88' lang='lat' dir='ltr'><strong>pervenissent</strong></span> <span class='ocrx_word' id='word_1_111' title='bbox 1761 2070 1837 2125; x_wconf 88' lang='lat' dir='ltr'><strong>ad</strong></span> <span class='ocrx_word' id='word_1_112' title='bbox 1870 2071 2132 2127; x_wconf 86' lang='lat' dir='ltr'><strong>medium</strong></span> <span class='ocrx_word' id='word_1_113' title='bbox 2166 2070 2420 2126; x_wconf 85' lang='lat' dir='ltr'><strong>circiter.</strong></span> <span class='ocrx_word' id='word_1_114' title='bbox 2442 2070 2691 2135; x_wconf 88' lang='lat' dir='ltr'><strong>itineris,</strong></span> <span class='ocrx_word' id='word_1_115' title='bbox 2719 2070 2820 2125; x_wconf 89' lang='lat' dir='ltr'><strong>ubi</strong></span> <span class='ocrx_word' id='word_1_116' title='bbox 2850 2069 2989 2125; x_wconf 77' lang='lat' dir='ltr'><strong>&#39;duae</strong></span> 
     </span>
     <span class='ocr_line' id='line_1_15' title="bbox 883 2152 2985 2226; baseline 0 -20"><span class='ocrx_word' id='word_1_117' title='bbox 883 2152 1121 2209; x_wconf 86' lang='lat' dir='ltr'><strong>arbores</strong></span> <span class='ocrx_word' id='word_1_118' title='bbox 1170 2154 1232 2208; x_wconf 91' lang='lat' dir='ltr'><strong>in</strong></span> <span class='ocrx_word' id='word_1_119' title='bbox 1279 2153 1472 2208; x_wconf 91' lang='lat' dir='ltr'><strong>medio</strong></span> <span class='ocrx_word' id='word_1_120' title='bbox 1502 2160 1729 2210; x_wconf 78' lang='lat' dir='ltr'><strong>,stratae</strong></span> <span class='ocrx_word' id='word_1_121' title='bbox 1792 2155 2061 2220; x_wconf 64' lang='lat' dir='ltr'><strong>fuerant,</strong></span> <span class='ocrx_word' id='word_1_122' title='bbox 2098 2155 2183 2211; x_wconf 87' lang='lat' dir='ltr'><strong>ait</strong></span> <span class='ocrx_word' id='word_1_123' title='bbox 2210 2196 2215 2205; x_wconf 91' lang='lat'>.</span> <span class='ocrx_word' id='word_1_124' title='bbox 2241 2154 2469 2226; x_wconf 79' lang='lat' dir='ltr'><strong>Martyr</strong></span> <span class='ocrx_word' id='word_1_125' title='bbox 2481 2175 2499 2218; x_wconf 89' lang='lat'>;</span> <span class='ocrx_word' id='word_1_126' title='bbox 2517 2186 2589 2196; x_wconf 91' lang='lat'><em>-</em></span> <span class='ocrx_word' id='word_1_127' title='bbox 2607 2157 2645 2180; x_wconf 91' lang='lat'><strong>“</strong></span> <span class='ocrx_word' id='word_1_128' title='bbox 2664 2153 2985 2225; x_wconf 84' lang='lat' dir='ltr'><strong>Hucusque</strong></span> 
     </span>
     <span class='ocr_line' id='line_1_16' title="bbox 873 2236 2986 2310; baseline 0 -19"><span class='ocrx_word' id='word_1_129' title='bbox 873 2238 929 2273; x_wconf 84' lang='lat'><strong>-“</strong></span> <span class='ocrx_word' id='word_1_130' title='bbox 966 2236 1107 2291; x_wconf 81' lang='lat' dir='ltr'><strong>duxi</strong></span> <span class='ocrx_word' id='word_1_131' title='bbox 1142 2237 1495 2309; x_wconf 83' lang='lat' dir='ltr'><strong>magistrum</strong></span> <span class='ocrx_word' id='word_1_132' title='bbox 1532 2256 1754 2304; x_wconf 89' lang='lat' dir='ltr'><strong>meum,</strong></span> <span class='ocrx_word' id='word_1_133' title='bbox 1806 2238 2056 2294; x_wconf 88' lang='lat' dir='ltr'><strong>Beatum</strong></span> <span class='ocrx_word' id='word_1_134' title='bbox 2102 2238 2567 2310; x_wconf 85' lang='lat' dir='ltr'><strong>Amphibalum,·</strong></span> <span class='ocrx_word' id='word_1_135' title='bbox 2593 2256 2730 2293; x_wconf 89' lang='lat' dir='ltr'><strong>cum</strong></span> <span class='ocrx_word' id='word_1_136' title='bbox 2751 2249 2758 2255; x_wconf 84' lang='grc'><em>“</em></span> <span class='ocrx_word' id='word_1_137' title='bbox 2778 2238 2986 2293; x_wconf 70' lang='lat' dir='ltr'><strong>ultimo</strong></span> 
     </span>
     <span class='ocr_line' id='line_1_17' title="bbox 877 2321 2991 2393; baseline 0.001 -18"><span class='ocrx_word' id='word_1_138' title='bbox 877 2324 929 2361; x_wconf 89' lang='lat'><strong>-“</strong></span> <span class='ocrx_word' id='word_1_139' title='bbox 967 2321 1031 2376; x_wconf 92' lang='lat' dir='ltr'><strong>in</strong></span> <span class='ocrx_word' id='word_1_140' title='bbox 1063 2321 1174 2376; x_wconf 88' lang='lat' dir='ltr'><strong>hac</strong></span> <span class='ocrx_word' id='word_1_141' title='bbox 1208 2322 1333 2376; x_wconf 84' lang='lat' dir='ltr'><strong>vita</strong></span> <span class='ocrx_word' id='word_1_142' title='bbox 1367 2321 1653 2376; x_wconf 82' lang='lat' dir='ltr'><strong>mundiali</strong></span> <span class='ocrx_word' id='word_1_143' title='bbox 1688 2322 2148 2393; x_wconf 84' lang='lat' dir='ltr'><strong>lacrymabiliter</strong></span> <span class='ocrx_word' id='word_1_144' title='bbox 2185 2321 2677 2393; x_wconf 86' lang='lat' dir='ltr'><strong>colloquebamur,</strong></span> <span class='ocrx_word' id='word_1_145' title='bbox 2719 2328 2859 2377; x_wconf 91' lang='lat' dir='ltr'><strong>tunc</strong></span> <span class='ocrx_word' id='word_1_146' title='bbox 2888 2321 2991 2377; x_wconf 80' lang='lat' dir='ltr'><strong>iu·</strong></span> 
     </span>
     <span class='ocr_line' id='line_1_18' title="bbox 889 2405 2984 2478; baseline 0.001 -18"><span class='ocrx_word' id='word_1_147' title='bbox 889 2408 928 2432; x_wconf 91' lang='lat'><strong>“</strong></span> <span class='ocrx_word' id='word_1_148' title='bbox 965 2406 1155 2462; x_wconf 86' lang='lat' dir='ltr'><strong>vicem</strong></span> <span class='ocrx_word' id='word_1_149' title='bbox 1178 2405 1530 2461; x_wconf 86' lang='lat' dir='ltr'><strong>recessuri.&#39;&#39;</strong></span> <span class='ocrx_word' id='word_1_150' title='bbox 1574 2405 1655 2461; x_wconf 80' lang='lat' dir='ltr'><strong>Et</strong></span> <span class='ocrx_word' id='word_1_151' title='bbox 1677 2407 1795 2462; x_wconf 88' lang='lat' dir='ltr'><strong>nisi</strong></span> <span class='ocrx_word' id='word_1_152' title='bbox 1820 2406 2111 2478; x_wconf 85' lang='lat' dir='ltr'><strong>splendor,</strong></span> <span class='ocrx_word' id='word_1_153' title='bbox 2142 2405 2244 2478; x_wconf 89' lang='lat' dir='ltr'><strong>qui</strong></span> <span class='ocrx_word' id='word_1_154' title='bbox 2267 2424 2303 2461; x_wconf 89' lang='lat' dir='ltr'><strong>a</strong></span> <span class='ocrx_word' id='word_1_155' title='bbox 2324 2405 2588 2477; x_wconf 70' lang='lat' dir='ltr'><strong>Mai-tyre</strong></span> <span class='ocrx_word' id='word_1_156' title='bbox 2612 2405 2984 2478; x_wconf 81' lang='lat' dir='ltr'><strong>procedebat,</strong></span> 
     </span>
     <span class='ocr_line' id='line_1_19' title="bbox 883 2489 2980 2562; baseline 0 -17"><span class='ocrx_word' id='word_1_157' title='bbox 883 2490 1120 2545; x_wconf 85' lang='lat' dir='ltr'><strong>obtutus</strong></span> <span class='ocrx_word' id='word_1_158' title='bbox 1181 2489 1453 2545; x_wconf 85' lang='lat' dir='ltr'><strong>Roberti</strong></span> <span class='ocrx_word' id='word_1_159' title='bbox 1481 2490 1936 2556; x_wconf 87' lang='lat' dir='ltr'><strong>reverberasset,</strong></span> <span class='ocrx_word' id='word_1_160' title='bbox 2001 2496 2061 2546; x_wconf 89' lang='lat' dir='ltr'><strong>et</strong></span> <span class='ocrx_word' id='word_1_161' title='bbox 2118 2490 2347 2555; x_wconf 91' lang='lat' dir='ltr'><strong>timor,</strong></span> <span class='ocrx_word' id='word_1_162' title='bbox 2382 2508 2542 2545; x_wconf 91' lang='lat' dir='ltr'><strong>cum-</strong></span> <span class='ocrx_word' id='word_1_163' title='bbox 2578 2490 2980 2562; x_wconf 81' lang='lat' dir='ltr'><strong>simplicitate,</strong></span> 
     </span>
     <span class='ocr_line' id='line_1_20' title="bbox 883 2574 2988 2646; baseline 0.001 -17"><span class='ocrx_word' id='word_1_164' title='bbox 883 2574 1276 2630; x_wconf 84' lang='lat' dir='ltr'><strong>refrenasset</strong></span> <span class='ocrx_word' id='word_1_165' title='bbox 1259 2592 1452 2646; x_wconf 79' lang='lat' dir='ltr'><strong>ipsum</strong></span> <span class='ocrx_word' id='word_1_166' title='bbox 1478 2574 1819 2639; x_wconf 88' lang='lat' dir='ltr'><strong>Robertum‚</strong></span> <span class='ocrx_word' id='word_1_167' title='bbox 1847 2575 1921 2630; x_wconf 91' lang='lat' dir='ltr'><strong>de</strong></span> <span class='ocrx_word' id='word_1_168' title='bbox 1944 2574 2169 2640; x_wconf 85' lang='lat' dir='ltr'><strong>multis,</strong></span> <span class='ocrx_word' id='word_1_169' title='bbox 2196 2580 2318 2629; x_wconf 88' lang='lat' dir='ltr'><strong>tam</strong></span> <span class='ocrx_word' id='word_1_170' title='bbox 2359 2574 2577 2631; x_wconf 87' lang='lat' dir='ltr'><strong>futuris</strong></span> <span class='ocrx_word' id='word_1_171' title='bbox 2622 2592 2799 2645; x_wconf 88' lang='lat' dir='ltr'><strong>quam</strong></span> <span class='ocrx_word' id='word_1_172' title='bbox 2830 2593 2988 2645; x_wconf 68' lang='lat' dir='ltr'><strong>pras-</strong></span> 
     </span>
     <span class='ocr_line' id='line_1_21' title="bbox 884 2658 2965 2725; baseline 0 -10"><span class='ocrx_word' id='word_1_173' title='bbox 884 2659 1098 2725; x_wconf 88' lang='lat' dir='ltr'><strong>teritis,</strong></span> <span class='ocrx_word' id='word_1_174' title='bbox 1139 2658 1387 2715; x_wconf 88' lang='lat' dir='ltr'><strong>Sanctus</strong></span> <span class='ocrx_word' id='word_1_175' title='bbox 1424 2659 1819 2715; x_wconf 85' lang='lat' dir='ltr'><strong>certificasset.</strong></span> <span class='ocrx_word' id='word_1_176' title='bbox 2957 2696 2965 2704; x_wconf 93' lang='lat'>-</span> 
     </span>
     <span class='ocr_line' id='line_1_22' title="bbox 873 2742 2987 2815; baseline 0 -18"><span class='ocrx_word' id='word_1_177' title='bbox 873 2777 877 2782; x_wconf 93' lang='lat'><em>-</em></span> <span class='ocrx_word' id='word_1_178' title='bbox 955 2742 1226 2797; x_wconf 87' lang='lat' dir='ltr'><strong>Habebat</strong></span> <span class='ocrx_word' id='word_1_179' title='bbox 1275 2746 1472 2798; x_wconf 89' lang='lat' dir='ltr'><strong>autem</strong></span> <span class='ocrx_word' id='word_1_180' title='bbox 1530 2743 1693 2799; x_wconf 92' lang='lat' dir='ltr'><strong>locus</strong></span> <span class='ocrx_word' id='word_1_181' title='bbox 1745 2743 1848 2797; x_wconf 91' lang='lat' dir='ltr'><strong>ille</strong></span> <span class='ocrx_word' id='word_1_182' title='bbox 1904 2747 2134 2815; x_wconf 85' lang='lat' dir='ltr'><strong>gratam</strong></span> <span class='ocrx_word' id='word_1_183' title='bbox 2196 2742 2520 2814; x_wconf 86' lang='lat' dir='ltr'><strong>planitiem,</strong></span> <span class='ocrx_word' id='word_1_184' title='bbox 2579 2749 2703 2801; x_wconf 84' lang='lat' dir='ltr'><strong>tam</strong></span> <span class='ocrx_word' id='word_1_185' title='bbox 2750 2743 2987 2815; x_wconf 84' lang='lat' dir='ltr'><strong>pascuis</strong></span> 
     </span>
     <span class='ocr_line' id='line_1_23' title="bbox 886 2825 2989 2899; baseline 0.001 -19"><span class='ocrx_word' id='word_1_186' title='bbox 886 2844 1063 2897; x_wconf 88' lang='lat' dir='ltr'><strong>quam</strong></span> <span class='ocrx_word' id='word_1_187' title='bbox 1096 2825 1332 2891; x_wconf 76' lang='lat' dir='ltr'><strong>&#39;fossis,</strong></span> <span class='ocrx_word' id='word_1_188' title='bbox 1367 2828 1430 2882; x_wconf 90' lang='lat' dir='ltr'><strong>in</strong></span> <span class='ocrx_word' id='word_1_189' title='bbox 1465 2826 1565 2882; x_wconf 88' lang='lat' dir='ltr'><strong>via</strong></span> <span class='ocrx_word' id='word_1_190' title='bbox 1599 2827 1936 2882; x_wconf 90' lang='lat' dir='ltr'><strong>hominibus</strong></span> <span class='ocrx_word' id='word_1_191' title='bbox 1974 2827 2050 2882; x_wconf 89' lang='lat' dir='ltr'><strong>ad</strong></span> <span class='ocrx_word' id='word_1_192' title='bbox 2084 2827 2450 2899; x_wconf 88' lang='lat' dir='ltr'><strong>pausandum</strong></span> <span class='ocrx_word' id='word_1_193' title='bbox 2486 2832 2702 2898; x_wconf 86' lang='lat' dir='ltr'><strong>aptam,</strong></span> <span class='ocrx_word' id='word_1_194' title='bbox 2743 2829 2805 2882; x_wconf 89' lang='lat' dir='ltr'><strong>in</strong></span> <span class='ocrx_word' id='word_1_195' title='bbox 2844 2827 2989 2884; x_wconf 84' lang='lat' dir='ltr'><strong>villa</strong></span> 
     </span>
     <span class='ocr_line' id='line_1_24' title="bbox 869 2910 2989 2983; baseline 0.002 -19"><span class='ocrx_word' id='word_1_196' title='bbox 869 2928 1013 2981; x_wconf 74' lang='lat' dir='ltr'><strong>quae</strong></span> <span class='ocrx_word' id='word_1_197' title='bbox 1072 2910 1533 2966; x_wconf 84' lang='lat' dir='ltr'><strong>“Redburnia&#39;&#39;</strong></span> <span class='ocrx_word' id='word_1_198' title='bbox 1584 2918 1977 2983; x_wconf 87' lang='lat' dir='ltr'><strong>nuncupatur,</strong></span> <span class='ocrx_word' id='word_1_199' title='bbox 2040 2913 2232 2969; x_wconf 86' lang='lat' dir='ltr'><strong>tribus</strong></span> <span class='ocrx_word' id='word_1_200' title='bbox 2291 2913 2474 2969; x_wconf 85' lang='lat' dir='ltr'><strong>ferme</strong></span> <span class='ocrx_word' id='word_1_201' title='bbox 2534 2912 2889 2969; x_wconf 85' lang='lat' dir='ltr'><strong>milliaribus</strong></span> <span class='ocrx_word' id='word_1_202' title='bbox 2924 2931 2989 2968; x_wconf 84' lang='lat' dir='ltr'><strong>·a</strong></span> 
     </span>
     <span class='ocr_line' id='line_1_25' title="bbox 881 2994 2989 3069; baseline 0.001 -18"><span class='ocrx_word' id='word_1_203' title='bbox 881 2995 1097 3051; x_wconf 83' lang='lat' dir='ltr'><strong>Sancto</strong></span> <span class='ocrx_word' id='word_1_204' title='bbox 1149 2994 1372 3051; x_wconf 86' lang='lat' dir='ltr'><strong>distans</strong></span> <span class='ocrx_word' id='word_1_205' title='bbox 1420 2994 1670 3052; x_wconf 78' lang='lat' dir='ltr'><strong>Albano.</strong></span> <span class='ocrx_word' id='word_1_206' title='bbox 1772 2997 1847 3051; x_wconf 95' lang='lat' dir='ltr'><strong>In</strong></span> <span class='ocrx_word' id='word_1_207' title='bbox 1869 3017 1875 3024; x_wconf 88' lang='lat'><em>·</em></span> <span class='ocrx_word' id='word_1_208' title='bbox 1900 2997 2012 3052; x_wconf 85' lang='lat' dir='ltr'><strong>hac</strong></span> <span class='ocrx_word' id='word_1_209' title='bbox 2066 3015 2225 3057; x_wconf 76' lang='lat' dir='ltr'><strong>sane.</strong></span> <span class='ocrx_word' id='word_1_210' title='bbox 2259 2997 2503 3069; x_wconf 80' lang='lat' dir='ltr'><strong>planitie</strong></span> <span class='ocrx_word' id='word_1_211' title='bbox 2558 2997 2677 3053; x_wconf 92' lang='lat' dir='ltr'><strong>duo</strong></span> <span class='ocrx_word' id='word_1_212' title='bbox 2725 2996 2989 3054; x_wconf 87' lang='lat' dir='ltr'><strong>colliculi</strong></span> 
     </span>
     <span class='ocr_line' id='line_1_26' title="bbox 877 3080 2988 3152; baseline 0.001 -17"><span class='ocrx_word' id='word_1_213' title='bbox 877 3080 1229 3146; x_wconf 88' lang='lat' dir='ltr'><strong>eminebant,</strong></span> <span class='ocrx_word' id='word_1_214' title='bbox 1289 3081 1391 3152; x_wconf 92' lang='lat' dir='ltr'><strong>qui</strong></span> <span class='ocrx_word' id='word_1_215' title='bbox 1452 3084 1489 3109; x_wconf 90' lang='lat'><strong>“</strong></span> <span class='ocrx_word' id='word_1_216' title='bbox 1511 3081 1708 3137; x_wconf 86' lang='lat' dir='ltr'><strong>Colles</strong></span> <span class='ocrx_word' id='word_1_217' title='bbox 1768 3081 2143 3137; x_wconf 84' lang='lat' dir='ltr'><strong>Vexillorum</strong></span> <span class='ocrx_word' id='word_1_218' title='bbox 2169 3081 2204 3106; x_wconf 90' lang='lat'><strong>’&#39;</strong></span> <span class='ocrx_word' id='word_1_219' title='bbox 2269 3081 2633 3147; x_wconf 86' lang='lat' dir='ltr'><strong>dicebantur,</strong></span> <span class='ocrx_word' id='word_1_220' title='bbox 2697 3099 2769 3138; x_wconf 89' lang='lat' dir='ltr'><strong>eo</strong></span> <span class='ocrx_word' id='word_1_221' title='bbox 2828 3081 2988 3152; x_wconf 88' lang='lat' dir='ltr'><strong>quod</strong></span> 
     </span>
     <span class='ocr_line' id='line_1_27' title="bbox 882 3164 2984 3238; baseline 0 -17"><span class='ocrx_word' id='word_1_222' title='bbox 882 3165 1040 3221; x_wconf 86' lang='lat' dir='ltr'><strong>circa</strong></span> <span class='ocrx_word' id='word_1_223' title='bbox 1074 3165 1209 3220; x_wconf 88' lang='lat' dir='ltr'><strong>illos</strong></span> <span class='ocrx_word' id='word_1_224' title='bbox 1244 3165 1557 3238; x_wconf 88' lang='lat' dir='ltr'><strong>populares</strong></span> <span class='ocrx_word' id='word_1_225' title='bbox 1594 3166 1809 3221; x_wconf 89' lang='lat' dir='ltr'><strong>fiebant</strong></span> <span class='ocrx_word' id='word_1_226' title='bbox 1846 3183 2183 3232; x_wconf 77' lang='lat' dir='ltr'><strong>concursuS,</strong></span> <span class='ocrx_word' id='word_1_227' title='bbox 2225 3165 2456 3237; x_wconf 84' lang='lat' dir='ltr'><strong>quando</strong></span> <span class='ocrx_word' id='word_1_228' title='bbox 2492 3166 2748 3238; x_wconf 85' lang='lat' dir='ltr'><strong>populus</strong></span> <span class='ocrx_word' id='word_1_229' title='bbox 2772 3164 2984 3231; x_wconf 84' lang='lat' dir='ltr'><strong>fidelis,</strong></span> 
     </span>
     <span class='ocr_line' id='line_1_28' title="bbox 880 3250 2987 3323; baseline 0 -19"><span class='ocrx_word' id='word_1_230' title='bbox 880 3267 952 3304; x_wconf 82' lang='lat' dir='ltr'><strong>ex</strong></span> <span class='ocrx_word' id='word_1_231' title='bbox 1030 3250 1272 3321; x_wconf 84' lang='lat' dir='ltr'><strong>antiqua</strong></span> <span class='ocrx_word' id='word_1_232' title='bbox 1347 3250 1679 3315; x_wconf 87' lang='lat' dir='ltr'><strong>traditione,</strong></span> <span class='ocrx_word' id='word_1_233' title='bbox 1770 3250 2091 3306; x_wconf 88' lang='lat' dir='ltr'><strong>solemnem</strong></span> <span class='ocrx_word' id='word_1_234' title='bbox 2136 3250 2466 3306; x_wconf 87' lang='lat' dir='ltr'><strong>·annuatim</strong></span> <span class='ocrx_word' id='word_1_235' title='bbox 2528 3251 2987 3323; x_wconf 36' lang='lat' dir='ltr'><strong>*processionem</strong></span> 
     </span>
     <span class='ocr_line' id='line_1_29' title="bbox 879 3333 2989 3407; baseline 0 -18"><span class='ocrx_word' id='word_1_236' title='bbox 879 3334 1162 3391; x_wconf 77' lang='lat' dir='ltr'><strong>Ecclesiae</strong></span> <span class='ocrx_word' id='word_1_237' title='bbox 1201 3335 1422 3391; x_wconf 89' lang='lat' dir='ltr'><strong>Sancti.</strong></span> <span class='ocrx_word' id='word_1_238' title='bbox 1452 3335 1688 3399; x_wconf 86' lang='lat' dir='ltr'><strong>Albani,</strong></span> <span class='ocrx_word' id='word_1_239' title='bbox 1743 3335 1943 3391; x_wconf 87' lang='lat' dir='ltr'><strong>debita</strong></span> <span class='ocrx_word' id='word_1_240' title='bbox 1972 3353 2127 3391; x_wconf 82' lang='lat' dir='ltr'><strong>cum</strong></span> <span class='ocrx_word' id='word_1_241' title='bbox 2174 3335 2571 3400; x_wconf 87' lang='lat' dir='ltr'><strong>veneratione,</strong></span> <span class='ocrx_word' id='word_1_242' title='bbox 2600 3335 2633 3395; x_wconf 70' lang='lat'><strong>,³</strong></span> <span class='ocrx_word' id='word_1_243' title='bbox 2647 3333 2989 3407; x_wconf 77' lang='lat' dir='ltr'><strong>persolvere</strong></span> 
     </span>
     <span class='ocr_line' id='line_1_30' title="bbox 881 3419 2981 3491; baseline -0 -16"><span class='ocrx_word' id='word_1_244' title='bbox 881 3419 1201 3475; x_wconf 86' lang='lat' dir='ltr'><strong>consuevit.</strong></span> <span class='ocrx_word' id='word_1_245' title='bbox 1273 3420 1436 3475; x_wconf 83' lang='lat' dir='ltr'><strong>Tunc</strong></span> <span class='ocrx_word' id='word_1_246' title='bbox 1489 3419 1737 3476; x_wconf 84' lang='lat' dir='ltr'><strong>Sanctus</strong></span> <span class='ocrx_word' id='word_1_247' title='bbox 1771 3420 2038 3475; x_wconf 84' lang='lat' dir='ltr'><strong>Albanus</strong></span> <span class='ocrx_word' id='word_1_248' title='bbox 2075 3420 2245 3475; x_wconf 82' lang='lat' dir='ltr'><strong>avia</strong></span> <span class='ocrx_word' id='word_1_249' title='bbox 2278 3420 2589 3491; x_wconf 88' lang='lat' dir='ltr'><strong>paululum</strong></span> <span class='ocrx_word' id='word_1_250' title='bbox 2642 3419 2981 3484; x_wconf 81' lang='lat' dir='ltr'><strong>declinavit,</strong></span> 
     </span>
     <span class='ocr_line' id='line_1_31' title="bbox 882 3504 2980 3576; baseline 0.001 -18"><span class='ocrx_word' id='word_1_251' title='bbox 882 3510 959 3569; x_wconf 88' lang='lat' dir='ltr'><strong>et,</strong></span> <span class='ocrx_word' id='word_1_252' title='bbox 998 3505 1362 3576; x_wconf 88' lang='lat' dir='ltr'><strong>apprehensa</strong></span> <span class='ocrx_word' id='word_1_253' title='bbox 1395 3522 1574 3560; x_wconf 91' lang='lat' dir='ltr'><strong>manu</strong></span> <span class='ocrx_word' id='word_1_254' title='bbox 1606 3504 1749 3569; x_wconf 74' lang='lat' dir='ltr'><strong>viri,</strong></span> <span class='ocrx_word' id='word_1_255' title='bbox 1781 3504 1950 3560; x_wconf 82' lang='lat' dir='ltr'><strong>duxit</strong></span> <span class='ocrx_word' id='word_1_256' title='bbox 1985 3522 2120 3560; x_wconf 89' lang='lat' dir='ltr'><strong>eum</strong></span> <span class='ocrx_word' id='word_1_257' title='bbox 2174 3504 2249 3559; x_wconf 88' lang='lat' dir='ltr'><strong>ad</strong></span> <span class='ocrx_word' id='word_1_258' title='bbox 2283 3520 2487 3560; x_wconf 64' lang='lat' dir='ltr'><strong>*unum</strong></span> <span class='ocrx_word' id='word_1_259' title='bbox 2541 3505 2613 3559; x_wconf 89' lang='lat' dir='ltr'><strong>de</strong></span> <span class='ocrx_word' id='word_1_260' title='bbox 2642 3504 2980 3570; x_wconf 77' lang='lat' dir='ltr'><strong>colliculis,</strong></span> 
     </span>
     <span class='ocr_line' id='line_1_32' title="bbox 883 3588 2987 3661; baseline 0 -17"><span class='ocrx_word' id='word_1_261' title='bbox 883 3589 986 3659; x_wconf 90' lang='lat' dir='ltr'><strong>qui</strong></span> <span class='ocrx_word' id='word_1_262' title='bbox 1047 3590 1381 3661; x_wconf 89' lang='lat' dir='ltr'><strong>sepulcrum</strong></span> <span class='ocrx_word' id='word_1_263' title='bbox 1407 3589 1605 3644; x_wconf 78' lang='lat' dir='ltr'><strong>:beati</strong></span> <span class='ocrx_word' id='word_1_264' title='bbox 1645 3588 1929 3660; x_wconf 81' lang='lat' dir='ltr'><strong>Martyris</strong></span> <span class='ocrx_word' id='word_1_265' title='bbox 1981 3588 2330 3645; x_wconf 87' lang='lat' dir='ltr'><strong>continebat.</strong></span> <span class='ocrx_word' id='word_1_266' title='bbox 2384 3636 2389 3641; x_wconf 96' lang='lat'><em>.</em></span> <span class='ocrx_word' id='word_1_267' title='bbox 2424 3588 2650 3644; x_wconf 88' lang='lat' dir='ltr'><strong>Deinde</strong></span> <span class='ocrx_word' id='word_1_268' title='bbox 2703 3606 2987 3644; x_wconf 85' lang='lat' dir='ltr'><strong>converso</strong></span> 
     </span>
     <span class='ocr_line' id='line_1_33' title="bbox 881 3672 2984 3746; baseline -0 -18"><span class='ocrx_word' id='word_1_269' title='bbox 881 3673 958 3729; x_wconf 87' lang='lat' dir='ltr'><strong>ad</strong></span> <span class='ocrx_word' id='word_1_270' title='bbox 991 3692 1128 3728; x_wconf 89' lang='lat' dir='ltr'><strong>eum</strong></span> <span class='ocrx_word' id='word_1_271' title='bbox 1162 3674 1468 3740; x_wconf 88' lang='lat' dir='ltr'><strong>vultu,—“</strong></span> <span class='ocrx_word' id='word_1_272' title='bbox 1495 3673 1690 3738; x_wconf 71' lang='lat' dir='ltr'><strong>Hic‚”‘</strong></span> <span class='ocrx_word' id='word_1_273' title='bbox 1712 3674 1924 3744; x_wconf 87' lang='lat' dir='ltr'><strong>inquit,</strong></span> <span class='ocrx_word' id='word_1_274' title='bbox 1971 3676 2007 3701; x_wconf 88' lang='lat'><strong>“</strong></span> <span class='ocrx_word' id='word_1_275' title='bbox 2035 3673 2198 3729; x_wconf 89' lang='lat' dir='ltr'><strong>locus</strong></span> <span class='ocrx_word' id='word_1_276' title='bbox 2235 3673 2509 3746; x_wconf 84' lang='lat' dir='ltr'><strong>magistri</strong></span> <span class='ocrx_word' id='word_1_277' title='bbox 2543 3672 2661 3728; x_wconf 91' lang='lat' dir='ltr'><strong>mei</strong></span> <span class='ocrx_word' id='word_1_278' title='bbox 2694 3672 2984 3744; x_wconf 79' lang='lat' dir='ltr'><strong>reliquias</strong></span> 
     </span>
     <span class='ocr_line' id='line_1_34' title="bbox 884 3756 2979 3830; baseline 0 -17"><span class='ocrx_word' id='word_1_279' title='bbox 884 3760 924 3785; x_wconf 75' lang='lat'><strong>‘⁸</strong></span> <span class='ocrx_word' id='word_1_280' title='bbox 961 3762 1141 3824; x_wconf 89' lang='lat' dir='ltr'><strong>tenet,</strong></span> <span class='ocrx_word' id='word_1_281' title='bbox 1180 3759 1279 3814; x_wconf 89' lang='lat' dir='ltr'><strong>hic</strong></span> <span class='ocrx_word' id='word_1_282' title='bbox 1331 3757 1458 3830; x_wconf 86' lang='lat' dir='ltr'><strong>ejus</strong></span> <span class='ocrx_word' id='word_1_283' title='bbox 1495 3777 1630 3815; x_wconf 88' lang='lat' dir='ltr'><strong>ossa</strong></span> <span class='ocrx_word' id='word_1_284' title='bbox 1653 3790 1658 3795; x_wconf 97' lang='lat'>-</span> <span class='ocrx_word' id='word_1_285' title='bbox 1681 3759 2043 3830; x_wconf 79' lang='lat' dir='ltr'><strong>contegit&#39;et</strong></span> <span class='ocrx_word' id='word_1_286' title='bbox 2075 3757 2479 3815; x_wconf 78' lang='lat' dir='ltr'><strong>conservat-’&#39;·</strong></span> <span class='ocrx_word' id='word_1_287' title='bbox 2532 3757 2612 3813; x_wconf 80' lang='lat' dir='ltr'><strong>Et</strong></span> <span class='ocrx_word' id='word_1_288' title='bbox 2660 3756 2748 3813; x_wconf 85' lang='lat' dir='ltr'><strong>sic</strong></span> <span class='ocrx_word' id='word_1_289' title='bbox 2796 3756 2979 3822; x_wconf 78' lang='lat' dir='ltr'><strong>fatus,</strong></span> 
     </span>
     <span class='ocr_line' id='line_1_35' title="bbox 878 3841 2984 3915; baseline -0 -17"><span class='ocrx_word' id='word_1_290' title='bbox 878 3843 1090 3915; x_wconf 89' lang='lat' dir='ltr'><strong>pollice</strong></span> <span class='ocrx_word' id='word_1_291' title='bbox 1125 3843 1240 3898; x_wconf 88' lang='lat' dir='ltr'><strong>viri</strong></span> <span class='ocrx_word' id='word_1_292' title='bbox 1275 3848 1513 3908; x_wconf 86' lang='lat' dir='ltr'><strong>terram,</strong></span> <span class='ocrx_word' id='word_1_293' title='bbox 1567 3844 1587 3874; x_wconf 86' lang='lat'><strong>⁴</strong></span> <span class='ocrx_word' id='word_1_294' title='bbox 1602 3842 1676 3898; x_wconf 90' lang='lat' dir='ltr'><strong>ad</strong></span> <span class='ocrx_word' id='word_1_295' title='bbox 1724 3844 1910 3899; x_wconf 87' lang='lat' dir='ltr'><strong>instar</strong></span> <span class='ocrx_word' id='word_1_296' title='bbox 1946 3843 2156 3907; x_wconf 86' lang='lat' dir='ltr'><strong>crucis,</strong></span> <span class='ocrx_word' id='word_1_297' title='bbox 2211 3841 2460 3915; x_wconf 90' lang='lat' dir='ltr'><strong>aperuit,</strong></span> <span class='ocrx_word' id='word_1_298' title='bbox 2501 3846 2577 3907; x_wconf 90' lang='lat' dir='ltr'><strong>et,</strong></span> <span class='ocrx_word' id='word_1_299' title='bbox 2615 3859 2821 3897; x_wconf 82' lang='lat' dir='ltr'><strong>eversa</strong></span> <span class='ocrx_word' id='word_1_300' title='bbox 2855 3860 2984 3897; x_wconf 81' lang='lat' dir='ltr'><strong>ces-</strong></span> 
     </span>
     <span class='ocr_line' id='line_1_36' title="bbox 878 3925 2983 4000; baseline -0.001 -17"><span class='ocrx_word' id='word_1_301' title='bbox 878 3927 1020 3998; x_wconf 89' lang='lat' dir='ltr'><strong>pitis</strong></span> <span class='ocrx_word' id='word_1_302' title='bbox 1070 3928 1316 3985; x_wconf 77' lang='lat' dir='ltr'><strong>modica,</strong></span> <span class='ocrx_word' id='word_1_303' title='bbox 1352 3928 1635 4000; x_wconf 88' lang='lat' dir='ltr'><strong>portione,</strong></span> <span class='ocrx_word' id='word_1_304' title='bbox 1678 3927 1970 3999; x_wconf 89' lang='lat' dir='ltr'><strong>quoddam</strong></span> <span class='ocrx_word' id='word_1_305' title='bbox 2025 3926 2308 3983; x_wconf 87' lang='lat' dir='ltr'><strong>scrinium</strong></span> <span class='ocrx_word' id='word_1_306' title='bbox 2361 3925 2679 3991; x_wconf 81' lang='lat' dir='ltr'><strong>reseravit3</strong></span> <span class='ocrx_word' id='word_1_307' title='bbox 2738 3943 2810 3980; x_wconf 80' lang='lat' dir='ltr'><strong>ex</strong></span> <span class='ocrx_word' id='word_1_308' title='bbox 2860 3944 2983 3995; x_wconf 84' lang='lat' dir='ltr'><strong>quo</strong></span> 
     </span>
     <span class='ocr_line' id='line_1_37' title="bbox 881 4009 2981 4083; baseline -0.002 -15"><span class='ocrx_word' id='word_1_309' title='bbox 881 4012 1154 4083; x_wconf 88' lang='lat' dir='ltr'><strong>splendor</strong></span> <span class='ocrx_word' id='word_1_310' title='bbox 1187 4013 1403 4068; x_wconf 89' lang='lat' dir='ltr'><strong>nimius</strong></span> <span class='ocrx_word' id='word_1_311' title='bbox 1442 4012 1657 4077; x_wconf 84' lang='lat' dir='ltr'><strong>exiens,</strong></span> <span class='ocrx_word' id='word_1_312' title='bbox 1711 4012 1913 4066; x_wconf 89' lang='lat' dir='ltr'><strong>orbem</strong></span> <span class='ocrx_word' id='word_1_313' title='bbox 1950 4009 2275 4066; x_wconf 90' lang='lat' dir='ltr'><strong>Occiduum</strong></span> <span class='ocrx_word' id='word_1_314' title='bbox 2310 4009 2651 4075; x_wconf 84' lang='lat' dir='ltr'><strong>illustravit,</strong></span> <span class='ocrx_word' id='word_1_315' title='bbox 2691 4014 2750 4065; x_wconf 89' lang='lat' dir='ltr'><strong>et</strong></span> <span class='ocrx_word' id='word_1_316' title='bbox 2784 4011 2981 4081; x_wconf 88' lang='lat' dir='ltr'><strong>primo</strong></span> 
     </span>
     <span class='ocr_line' id='line_1_38' title="bbox 877 4087 2981 4167; baseline -0.001 -16"><span class='ocrx_word' id='word_1_317' title='bbox 877 4096 1029 4151; x_wconf 87' lang='lat' dir='ltr'><strong>lucis</strong></span> <span class='ocrx_word' id='word_1_318' title='bbox 1077 4115 1198 4153; x_wconf 82' lang='lat' dir='ltr'><strong>suae</strong></span> <span class='ocrx_word' id='word_1_319' title='bbox 1244 4096 1438 4152; x_wconf 86' lang='lat' dir='ltr'><strong>radios</strong></span> <span class='ocrx_word' id='word_1_320' title='bbox 1474 4097 1537 4151; x_wconf 87' lang='lat' dir='ltr'><strong>in</strong></span> <span class='ocrx_word' id='word_1_321' title='bbox 1569 4095 1776 4151; x_wconf 90' lang='lat' dir='ltr'><strong>mundi</strong></span> <span class='ocrx_word' id='word_1_322' title='bbox 1813 4094 2184 4155; x_wconf 89' lang='lat' dir='ltr'><strong>latitudinem</strong></span> <span class='ocrx_word' id='word_1_323' title='bbox 2221 4095 2452 4167; x_wconf 86' lang='lat' dir='ltr'><strong>copiose</strong></span> <span class='ocrx_word' id='word_1_324' title='bbox 2468 4087 2748 4149; x_wconf 57' lang='lat' dir='ltr'><strong>‘diffudit</strong></span> <span class='ocrx_word' id='word_1_325' title='bbox 2847 4092 2981 4162; x_wconf 80' lang='lat' dir='ltr'><strong>Quo</strong></span> 
     </span>
     <span class='ocr_line' id='line_1_39' title="bbox 880 4177 2978 4253; baseline -0.001 -18"><span class='ocrx_word' id='word_1_326' title='bbox 880 4182 1051 4247; x_wconf 84' lang='lat' dir='ltr'><strong>facto,</strong></span> <span class='ocrx_word' id='word_1_327' title='bbox 1091 4181 1330 4253; x_wconf 88' lang='lat' dir='ltr'><strong>capsula</strong></span> <span class='ocrx_word' id='word_1_328' title='bbox 1362 4180 1707 4245; x_wconf 87' lang='lat' dir='ltr'><strong>recluditur,</strong></span> <span class='ocrx_word' id='word_1_329' title='bbox 1749 4185 1809 4235; x_wconf 88' lang='lat' dir='ltr'><strong>et</strong></span> <span class='ocrx_word' id='word_1_330' title='bbox 1841 4179 1956 4235; x_wconf 90' lang='lat' dir='ltr'><strong>loci</strong></span> <span class='ocrx_word' id='word_1_331' title='bbox 1992 4178 2266 4251; x_wconf 87' lang='lat' dir='ltr'><strong>planities</strong></span> <span class='ocrx_word' id='word_1_332' title='bbox 2302 4179 2367 4234; x_wconf 90' lang='lat' dir='ltr'><strong>in</strong></span> <span class='ocrx_word' id='word_1_333' title='bbox 2403 4184 2621 4235; x_wconf 83' lang='lat' dir='ltr'><strong>statum</strong></span> <span class='ocrx_word' id='word_1_334' title='bbox 2658 4177 2978 4250; x_wconf 87' lang='lat' dir='ltr'><strong>pristinum</strong></span> 
     </span>
     <span class='ocr_line' id='line_1_40' title="bbox 877 4260 2979 4337; baseline -0.001 -17"><span class='ocrx_word' id='word_1_335' title='bbox 877 4265 1245 4322; x_wconf 85' lang='lat' dir='ltr'><strong>reformatur.</strong></span> <span class='ocrx_word' id='word_1_336' title='bbox 1355 4265 1566 4337; x_wconf 84' lang='lat' dir='ltr'><strong>Stupet</strong></span> <span class='ocrx_word' id='word_1_337' title='bbox 1599 4264 1692 4320; x_wconf 87' lang='lat' dir='ltr'><strong>vir</strong></span> <span class='ocrx_word' id='word_1_338' title='bbox 1727 4263 1850 4330; x_wconf 88' lang='lat' dir='ltr'><strong>ille,</strong></span> <span class='ocrx_word' id='word_1_339' title='bbox 1891 4270 1968 4330; x_wconf 90' lang='lat' dir='ltr'><strong>et,</strong></span> <span class='ocrx_word' id='word_1_340' title='bbox 2010 4262 2153 4334; x_wconf 90' lang='lat' dir='ltr'><strong>quid</strong></span> <span class='ocrx_word' id='word_1_341' title='bbox 2190 4262 2304 4319; x_wconf 87' lang='lat' dir='ltr'><strong>sibi</strong></span> <span class='ocrx_word' id='word_1_342' title='bbox 2341 4280 2518 4334; x_wconf 90' lang='lat' dir='ltr'><strong>super</strong></span> <span class='ocrx_word' id='word_1_343' title='bbox 2573 4261 2646 4317; x_wconf 87' lang='lat' dir='ltr'><strong>iis</strong></span> <span class='ocrx_word' id='word_1_344' title='bbox 2684 4260 2762 4317; x_wconf 87' lang='lat' dir='ltr'><strong>sit</strong></span> <span class='ocrx_word' id='word_1_345' title='bbox 2795 4278 2979 4332; x_wconf 81' lang='lat' dir='ltr'><strong>agen-</strong></span> 
     </span>
    </p>
   </div>
   <div class='ocr_carea' id='block_1_3' title="bbox 1667 4406 2191 4417">
    <p class='ocr_par' dir='ltr' id='par_1_3' title="bbox 1667 4406 2191 4417">
     <span class='ocr_line' id='line_1_41' title="bbox 1667 4406 2191 4417; baseline -0.011 -1"><span class='ocrx_word' id='word_1_346' title='bbox 1667 4406 2005 4417; x_wconf 49' lang='lat' dir='ltr'><strong>ss*</strong></span> <span class='ocrx_word' id='word_1_347' title='bbox 2028 4406 2191 4413; x_wconf 49' lang='lat' dir='ltr'><strong>i*—</strong></span> 
     </span>
    </p>
   </div>
   <div class='ocr_carea' id='block_1_4' title="bbox 875 4495 3052 4885">
    <p class='ocr_par' dir='ltr' id='par_1_4' title="bbox 875 4495 3052 4885">
     <span class='ocr_line' id='line_1_42' title="bbox 945 4495 2971 4562; baseline -0.002 -11"><span class='ocrx_word' id='word_1_348' title='bbox 945 4498 962 4533; x_wconf 86' lang='lat'>¹</span> <span class='ocrx_word' id='word_1_349' title='bbox 984 4502 1140 4551; x_wconf 82' lang='lat' dir='ltr'><strong>From</strong></span> <span class='ocrx_word' id='word_1_350' title='bbox 1161 4501 1261 4551; x_wconf 75' lang='lat' dir='ltr'><strong>this</strong></span> <span class='ocrx_word' id='word_1_351' title='bbox 1276 4500 1415 4550; x_wconf 83' lang='lat' dir='ltr'><strong>word</strong></span> <span class='ocrx_word' id='word_1_352' title='bbox 1431 4501 1578 4550; x_wconf 75' lang='lat' dir='ltr'><strong>down</strong></span> <span class='ocrx_word' id='word_1_353' title='bbox 1592 4506 1646 4550; x_wconf 85' lang='lat' dir='ltr'><strong>to</strong></span> <span class='ocrx_word' id='word_1_354' title='bbox 1661 4504 1689 4527; x_wconf 78' lang='lat'><strong>‘⁴</strong></span> <span class='ocrx_word' id='word_1_355' title='bbox 1714 4498 1873 4549; x_wconf 74' lang='lat' dir='ltr'><strong>Sanc—</strong></span> <span class='ocrx_word' id='word_1_356' title='bbox 1914 4512 1920 4557; x_wconf 71' lang='lat' dir='ltr'>z</span> <span class='ocrx_word' id='word_1_357' title='bbox 2028 4495 2305 4562; x_wconf 71' lang='lat' dir='ltr'><strong>³persolvae&#39;t</strong></span> <span class='ocrx_word' id='word_1_358' title='bbox 2362 4496 2415 4547; x_wconf 89' lang='lat' dir='ltr'><strong>in</strong></span> <span class='ocrx_word' id='word_1_359' title='bbox 2459 4496 2762 4556; x_wconf 74' lang='lat' dir='ltr'><strong>wendover,</strong></span> <span class='ocrx_word' id='word_1_360' title='bbox 2832 4495 2971 4548; x_wconf 74' lang='lat' dir='ltr'><strong>Flor.</strong></span> 
     </span>
     <span class='ocr_line' id='line_1_43' title="bbox 875 4577 2104 4643; baseline -0.002 -14"><span class='ocrx_word' id='word_1_361' title='bbox 875 4586 909 4609; x_wconf 75' lang='lat'><strong>‘¹</strong></span> <span class='ocrx_word' id='word_1_362' title='bbox 929 4588 1008 4629; x_wconf 73' lang='lat' dir='ltr'><strong>tus</strong></span> <span class='ocrx_word' id='word_1_363' title='bbox 1029 4581 1401 4643; x_wconf 45' lang='lat' dir='ltr'><strong>certificasset?</strong></span> <span class='ocrx_word' id='word_1_364' title='bbox 1423 4580 1466 4629; x_wconf 81' lang='lat' dir='ltr'><strong>is</strong></span> <span class='ocrx_word' id='word_1_365' title='bbox 1483 4593 1547 4629; x_wconf 86' lang='lat' dir='ltr'><strong>an</strong></span> <span class='ocrx_word' id='word_1_366' title='bbox 1562 4577 1788 4629; x_wconf 85' lang='lat' dir='ltr'><strong>addition</strong></span> <span class='ocrx_word' id='word_1_367' title='bbox 1804 4579 1874 4642; x_wconf 83' lang='lat' dir='ltr'><strong>by</strong></span> <span class='ocrx_word' id='word_1_368' title='bbox 1966 4577 2104 4628; x_wconf 75' lang='lat' dir='ltr'><strong>Hist.</strong></span> 
     </span>
     <span class='ocr_line' id='line_1_44' title="bbox 876 4606 3052 4729; baseline -0.002 -18"><span class='ocrx_word' id='word_1_369' title='bbox 876 4661 1116 4711; x_wconf 75' lang='lat' dir='ltr'><strong>Matthew</strong></span> <span class='ocrx_word' id='word_1_370' title='bbox 1138 4659 1283 4709; x_wconf 83' lang='lat' dir='ltr'><strong>Paris</strong></span> <span class='ocrx_word' id='word_1_371' title='bbox 1303 4667 1358 4709; x_wconf 90' lang='lat' dir='ltr'><strong>to</strong></span> <span class='ocrx_word' id='word_1_372' title='bbox 1380 4659 1465 4709; x_wconf 79' lang='lat' dir='ltr'><strong>the</strong></span> <span class='ocrx_word' id='word_1_373' title='bbox 1487 4664 1596 4709; x_wconf 82' lang='lat' dir='ltr'><strong>text</strong></span> <span class='ocrx_word' id='word_1_374' title='bbox 1634 4657 1694 4707; x_wconf 83' lang='lat' dir='ltr'><strong>ef</strong></span> <span class='ocrx_word' id='word_1_375' title='bbox 1717 4657 1875 4707; x_wconf 84' lang='lat' dir='ltr'><strong>Wen-</strong></span> <span class='ocrx_word' id='word_1_376' title='bbox 2031 4659 2051 4690; x_wconf 81' lang='lat'><strong>⁴</strong></span> <span class='ocrx_word' id='word_1_377' title='bbox 2075 4658 2145 4708; x_wconf 84' lang='lat' dir='ltr'><strong>ad</strong></span> <span class='ocrx_word' id='word_1_378' title='bbox 2164 4658 2374 4710; x_wconf 84' lang='lat' dir='ltr'><strong>omitted</strong></span> <span class='ocrx_word' id='word_1_379' title='bbox 2404 4658 2460 4707; x_wconf 87' lang='lat' dir='ltr'><strong>in</strong></span> <span class='ocrx_word' id='word_1_380' title='bbox 2492 4606 2796 4720; x_wconf 76' lang='lat' dir='ltr'><strong>wendover,</strong></span> <span class='ocrx_word' id='word_1_381' title='bbox 2817 4656 2965 4710; x_wconf 51' lang='grc' dir='ltr'><strong>Ποῖ.</strong></span> <span class='ocrx_word' id='word_1_382' title='bbox 3039 4717 3052 4729; x_wconf 50' lang='lat'><strong>·</strong></span> 
     </span>
     <span class='ocr_line' id='line_1_45' title="bbox 877 4737 2101 4791; baseline -0.002 -1"><span class='ocrx_word' id='word_1_383' title='bbox 877 4743 1044 4791; x_wconf 76' lang='lat' dir='ltr'><strong>(lover.</strong></span> <span class='ocrx_word' id='word_1_384' title='bbox 1966 4737 2101 4789; x_wconf 72' lang='lat' dir='ltr'><strong>Hist.</strong></span> 
     </span>
     <span class='ocr_line' id='line_1_46' title="bbox 942 4815 1840 4885; baseline -0.004 -16"><span class='ocrx_word' id='word_1_385' title='bbox 942 4819 1129 4885; x_wconf 74' lang='lat' dir='ltr'><strong>²ses⁸i0</strong></span> <span class='ocrx_word' id='word_1_386' title='bbox 1151 4818 1205 4868; x_wconf 89' lang='lat' dir='ltr'><strong>in</strong></span> <span class='ocrx_word' id='word_1_387' title='bbox 1219 4817 1521 4880; x_wconf 76' lang='lat' dir='ltr'><strong>wendover,</strong></span> <span class='ocrx_word' id='word_1_388' title='bbox 1536 4815 1589 4867; x_wconf 86' lang='lat' dir='ltr'><em>F</em></span> <span class='ocrx_word' id='word_1_389' title='bbox 1585 4815 1675 4867; x_wconf 86' lang='lat' dir='ltr'><strong>lor.</strong></span> <span class='ocrx_word' id='word_1_390' title='bbox 1701 4815 1840 4866; x_wconf 71' lang='lat' dir='ltr'><strong>Hist.</strong></span> 
     </span>
    </p>
   </div>
   <div class='ocr_carea' id='block_1_5' title="bbox 3420 1293 3425 5300">
    <p class='ocr_par' dir='ltr' id='par_1_5' title="bbox 3420 1293 3425 5300">
     <span class='ocr_line' id='line_1_47' title="bbox 3420 1293 3425 5300; baseline 0 0"><span class='ocrx_word' id='word_1_391' title='bbox 3420 1293 3425 5300; x_wconf 95' lang='lat' dir='ltr'><strong> </strong></span> 
     </span>
    </p>
   </div>
  </div>
 </body>
</html>
