3450 5717
989 833 1410 885 uonAs‘mRn
1455 833 1700 887 smcn
1744 833 2017 887 Auum.
2474 824 2605 891 289

927 1021 1381 1094 Gontinuatio
1423 1024 1733 1093 matemoe
1767 1031 2184 1114 praethatae.
2661 1022 2906 1143 Ἓξῄω,

588 1144 779 1213 Inter
839 1148 973 1215 alia
1038 1170 1301 1236 quoque
1362 1151 1639 1238 pietatis
1723 1174 1941 1239 opera,
2012 1151 2348 1219 ecclesiam
2406 1152 2600 1219 Beati
2689 1158 2883 1276 {³3ss

496 1246 903 1334 Amphibali,
935 1250 1275 1338 Martyris,
1322 1253 1776 1340 sociorumque
1818 1252 1978 1340 ejus,
2025 1255 2108 1320 ob
2155 1253 2596 1321 reverentiam
2658 1294 2904 1343 1214—35.

496 1353 566 1413 et
608 1349 925 1418 honorem
965 1353 1095 1419 loci
1139 1353 1335 1435 iniust,
1407 1352 1426 1391 ¹
1454 1377 1584 1441 quo
1627 1355 1809 1421 idem
1853 1355 2153 1438 Sanctus,
2213 1379 2363 1423 cum
2406 1356 2596 1422 sociis
2706 1384 2842 1398 —

497 1449 649 1530 enixe,
726 1455 1121 1540 martyrium
1198 1457 1573 1536 celebravit,
1648 1457 2032 1523 solemniter
2108 1456 2194 1523 ab
2271 1457 2595 1546 Episcopo
2618 1420 2901 1542 Qffinff

496 1550 545 1616 J
547 1552 820 1637 ohanne,
888 1556 1060 1623 sicut
1104 1563 1175 1625 et
1221 1557 1387 1624 alias
1439 1559 1659 1644 plures
1705 1559 2003 1625 ecclesias
2047 1559 2157 1625 vel
2201 1559 2479 1647 capellas
2521 1561 2592 1625 in
2618 1555 2878 1634 dediqated

496 1659 725 1721 nostra
768 1657 1077 1739 Dioecesi,
1122 1659 1298 1741 fecit,
1360 1660 1506 1749 ipso
1579 1666 1905 1749 praesente
1970 1660 2255 1741 Abbate,
2327 1662 2596 1748 pontifi·
2621 1622 2924 1740 poyshtnomAm-

497 1757 744 1824 calibus
816 1760 1145 1843 redimito,
1188 1761 1598 1829 relaxatione
1642 1760 2086 1851 quadraginta
2143 1762 2400 1828 dierum
2446 1784 2597 1829 con·
2619 1753 2867 1818 phibalus.

497 1880 690 1939 cessa,
756 1860 1043 1927 Domino
1108 1862 1453 1932 Gileberto
1522 1865 1607 1931 de
1671 1865 2051 1946 Sisseverne
2120 1870 2284 1931 tunc
2348 1865 2596 1932 ibidem

498 1961 740 2042 Priore,
785 1963 1089 2032 dedicari.

495 2149 597 2217 De
657 2152 977 2240 Hospitio
1042 2175 1313 2240 maqm,
1383 2161 1446 2222 et
1506 2153 1825 2222 domim
1889 2151 2190 2232 diversis,
2260 2155 2350 2221 in
2413 2153 2594 2220 Lon-

674 2253 912 2321 doniis
977 2263 1040 2324 et
1107 2256 1579 2337 Gememutha,
1638 2278 1770 2344 per
1804 2254 2224 2344 proedictmn
2267 2255 2594 2323 Abbatem

670 2356 1007 2442 sayacitcr
1042 2357 1464 2446 perquisitis

581 2490 808 2558 Abbas
851 2493 1122 2581 insuper
1165 2499 1584 2574 memoratus,
1632 2494 2022 2574 willelmus,
2066 2494 2148 2559 ad
2195 2498 2594 2582 perpetuan-
2616 2498 2795 2615 &Vlffipt

493 2592 648 2658 dam
692 2596 1075 2661 memoriam
1133 2597 1340 2683 ipsius
1381 2618 1531 2662 cum
1590 2595 2180 2676 benedictionibus,
2241 2596 2592 2681 providens
2615 2582 2883 2696 pureiffles
2897 2648 2929 2683 a

490 2694 619 2759 sibi
673 2702 741 2762 et
788 2699 1276 2779 successoribus,
1328 2719 1582 2764 necnon
1643 2703 1714 2763 et
1765 2697 2103 2763 monachis
2164 2697 2375 2762 nostri
2421 2697 2593 2763 Con·
2613 2699 2777 2815 lfflsstgl
2799 2698 2852 2748 in

490 2804 750 2879 ventu8‚
779 2800 894 2885 qui
922 2802 1143 2888 gratia
1184 2800 1567 2888 hospitandi
1612 2800 1768 2865 illuc
1812 2798 1840 2836 ²
1864 2799 2228 2879 divertunt,
2260 2799 2591 2884 quandam
2611 2781 2907 2882 fornthznn'ase

488 2898 775 2982 domum,
805 2901 1017 2968 instar
1046 2903 1272 2992 magni
1301 2902 1535 2989 palatii
1580 2901 2105 2988 protendentem,
2152 2897 2179 2938 ³
2202 2921 2323 2966 nec
2366 2901 2591 2987 parvis
2613 2897 2859 3016 ocztilssgnt.

490 3004 863 3089 sumptibus
906 3005 992 3071 ed
1035 3005 1157 3071 hoc
1209 3004 1545 3083 exhibitis,
1599 3003 1961 3069 Londoniis
2007 3001 2415 3089 comparavit
2448 3027 2466 3084 3
2513 3007 2592 3067 ut

491 3107 559 3167 et
590 3104 743 3191 ipse,
792 3111 863 3172 et
910 3127 1135 3173 omnes
1183 3107 1326 3194 ejus
1373 3127 1789 3184 succeaeoroe,
1841 3109 1912 3170 et
1964 3103 2266 3170 monachi
2315 3103 2429 3190 qui
2476 3126 2592 3169 vo·
2639 3167 2662 3178 ,⁷

488 3205 751 3289 luerint,
802 3208 1054 3275 ibidem
1103 3208 1133 3248 ⁴
1153 3210 1429 3275 honeste
1490 3213 1561 3274 et
1619 3212 1867 3273 secrete
1919 3205 2358 3292 hospitentur.
2451 3204 2606 3302 Ipsi-

487 3330 745 3394 quoque
775 3311 1019 3390 domui,
1049 3334 1249 3399 quam
1289 3311 1490 3377 nobis
1521 3308 1907 3395 adquisivit,
1937 3307 2277 3395 pertinent
2322 3305 2590 3391 capella,

487 3411 766 3477 thalami
839 3415 1279 3501 quamplures,
1352 3412 1769 3498 pomoerium,
1862 3407 2215 3488 stabulum,
2289 3407 2587 3492 coquina,

488 3516 684 3594 curia,
751 3516 999 3596 hortus,
1054 3523 1335 3604 puteus;
1396 3516 1696 3582 redditus
1742 3535 2001 3601 quoque
2060 3534 2146 3578 ex
2190 3511 2588 3597 quibusdam

486 3618 788 3684 domibus
832 3623 1064 3686 stratae
1109 3618 1442 3686 communi
1500 3617 1920 3692 continuatis,
1968 3613 2209 3701 quibus
2255 3612 2435 3677 curia
2478 3617 2584 3677 tu·
2599 3625 2690 3702 ⁸He
2711 3625 2877 3676 builds

486 3719 619 3787 tius
642 3722 1188 3790 circumvallatur.
1280 3722 1463 3802 Quas
1492 3720 1696 3787 etiam
1726 3719 1903 3784 idem
1933 3716 2161 3782 Abbas
2192 3713 2584 3811 willelmus,
2605 3697 2798 3808 ffiffl

484 3828 831 3909 postquam
875 3823 1300 3912 principalem
1337 3824 1609 3889 domum
1653 3824 2164 3908 comparaverat,
2224 3816 2585 3904 prudenter
2604 3825 2830 3941 iffaoent

484 3926 901 4005 construxit3
991 3926 1476 4013 quemdamque
1567 3925 1964 3991 servientem
2053 3919 2182 4007 ipsi
2257 3918 2584 3984 mansioni
2661 3901 2815 3943 ereto.

487 4032 876 4114 perpetuum
920 4028 1301 4117 assignavit.
2591 4081 2596 4090 .

573 4128 974 4219 Comparate.
1062 4152 1220 4198 vero
1299 4130 1496 4196 domo
1583 4131 1953 4194 memorata
2027 4121 2388 4190 Londoniis
2462 4144 2582 4208 pro
2605 4140 2689 4193 He
2709 4156 2827 4204 pur.

484 4237 745 4297 centum
821 4231 1070 4310 murcie,
1150 4237 1219 4298 et
1293 4229 1539 4296 additis
1607 4226 2197 4304 emendationibus
2275 4246 2421 4310 quae
2496 4224 2582 4289 ad
2603 4209 2833 4325 wa}

483 4335 770 4420 pretium
837 4335 1326 4423 quinquaginta
1392 4354 1758 4398 marcarum
1826 4329 2349 4403 aestimabantur,
2409 4347 2583 4391 com·
2603 4341 2905 4406 Yarmouth,

546 4579 563 4612 ¹
586 4596 729 4645 quam
751 4580 890 4642 idem,
923 4580 977 4631 in
1000 4579 1115 4632 MS.
1137 4579 1277 4631 Nero
1299 4579 1365 4630 D.
1388 4577 1422 4629 i.
1444 4599 1459 4640 ς
1643 4575 1667 4610 ⁸
1686 4592 1783 4626 non
1799 4576 1978 4640 parvis
2000 4574 2055 4624 in
2076 4573 2261 4625 Wats’s
2282 4580 2406 4625 text.

482 4660 530 4710 in
547 4676 642 4725 quo
663 4659 806 4724 idea,
825 4660 881 4710 in
896 4659 1089 4711 Wats’s
1110 4665 1235 4711 text.
1640 4655 1667 4702 .⁴
1688 4654 1942 4720 Repented
1965 4651 2019 4704 in
2041 4653 2156 4705 MS.
2175 4652 2415 4706 Claudius
2430 4653 2491 4705 E.
2515 4651 2585 4704 iv.

540 4738 562 4772 ²
582 4739 867 4791 divertet-im
886 4738 941 4789 in
962 4739 1075 4791 MS.
1097 4739 1237 4790 Nero
1257 4737 1325 4791 D.
1350 4737 1382 4788 i.

2181 4828 2225 4877 Τ
