3450 5717
1058 821 1477 872 MONASTERII
1523 819 1769 872 sANc‘n
1815 821 2096 872 ALBANI.
2500 810 2626 873 301

522 1015 718 1076 tenus
757 1011 1142 1097 reputanda.
1237 1010 1312 1075 Si
1349 1032 1481 1096 qua
1533 1015 1763 1075 tamen
1808 1010 1918 1074 vel
1963 1010 2242 1073 minima
2286 1009 2634 1089 commisit,
2692 1021 2935 1085 william,

522 1113 676 1197 igne
752 1111 1269 1177 tribulationum
1345 1132 1631 1192 suarum,
1709 1134 1827 1198 per
1901 1111 2030 1177 Dei
2103 1110 2631 1189 misericordiam,
2722 1089 2910 1214 ffissgt·

525 1213 815 1280 creditur
857 1214 998 1281 fore
1042 1217 1450 1300 consumpta.
2745 1219 2882 1270 ΑΒ.

2693 1291 2936 1338 1214—35.

529 1450 673 1517 ¹De
707 1471 1021 1536 processu
1065 1448 1252 1516 circa
1285 1450 1720 1537 sepulturam
1748 1449 2033 1517 Abbatis
2060 1451 2441 1532 memorati,
2473 1459 2631 1519 ante
2656 1434 2902 1535 ἰῖζῖρξῖζε
2905 1436 2968 1470 ⁰¹¹

720 1553 1176 1621 Lateo-anema
1225 1551 1618 1620 Concilium
1664 1552 2120 1620 commumitm
2162 1552 2433 1621 usitato,
2654 1551 2837 1603 mefits.

619 1702 711 1769 Et
752 1724 835 1769 ne
879 1707 1292 1768 transeamus
1355 1702 1641 1770 officium
1706 1705 2066 1791 sepulturae
2131 1705 2426 1791 ejusdem
2492 1705 2633 1771 Ab·
2660 1703 2895 1783 Aecounp
2919 1704 2979 1754 Os

527 1806 706 1871 batis
781 1805 1118 1882 willelmi,
1178 1806 1345 1871 libet
1410 1807 1584 1871 hanc
1645 1807 2236 1893 interpositionem,
2302 1807 2635 1895 paulisper
2657 1770 2930 1887 ἑῗθέξξέῗ

528 1908 822 1974 materiae
910 1908 1479 1973 continuationem
1573 1910 2094 1995 praerumpendo,
2169 1910 2477 1991 inserere,
2554 1914 2635 1975 ut
2657 1901 2894 1955 william.

528 2009 821 2096 legentes
887 2006 915 2045 ²
937 2010 1020 2074 de
1084 2010 1285 2096 hujus
1342 2010 1631 2075 Abbatis
1683 2012 2043 2097 sepultura,
2109 2033 2365 2077 necnon
2425 2018 2494 2102 et
2555 2011 2678 2077 de‘

527 2111 721 2176 modo
764 2111 962 2197 hujus
1007 2110 1347 2177 electionis
1390 2109 1417 2150 3
1439 2112 1843 2193 successoris,
1893 2114 2336 2179 instruantur.

621 2213 873 2300 Corpus
918 2214 1239 2299 equidem,
1285 2236 1435 2279 cum
1493 2214 1566 2278 in
1632 2235 1890 2280 camera
1935 2215 2220 2280 Abbatis
2286 2214 2404 2281 ubi
2450 2216 2635 2294 obiit,
2660 2219 2770 2297 srhe
2791 2221 2928 2286 body

533 2314 820 2393 (scilicet,
879 2315 1050 2379 circa
1113 2315 1345 2380 horam
1412 2315 1703 2398 nonam,)
1772 2315 2287 2396 examinaretur,
2359 2323 2633 2383 exutum
2657 2301 2700 2335 ¹⁸
2723 2288 2936 2336 washed.

530 2421 634 2482 est
696 2427 764 2481 et
831 2416 1061 2493 lotum,
1111 2423 1179 2481 et
1223 2417 1355 2481 nisi
1423 2416 1529 2480 die
1591 2416 2013 2481 antecedenti
2080 2419 2384 2503 proxima
2450 2441 2634 2484 rasus

529 2516 702 2582 4non
746 2517 1100 2595 extitisset,
1148 2519 1382 2603 utique
1426 2518 1769 2583 raderetur
1809 2540 2049 2584 corona
2110 2524 2179 2584 et
2223 2519 2431 2584 barba
2478 2521 2634 2606 ejus.

530 2619 788 2684 Deinde
832 2619 1227 2684 intromissis
1271 2641 1409 2683 non
1453 2621 1687 2705 utique
1721 2620 2042 2698 omnibu&
2093 2621 2206 2686 sed
2255 2622 2536 2686 maturis
2568 2627 2637 2687 et

528 2721 828 2787 discretis
871 2721 1210 2797 fratribuS,
1256 2726 1326 2786 et
1369 2742 1506 2786 uno
1549 2721 1688 2786 solo
1735 2722 2042 2786 ministro
2087 2722 2403 2799 saeculari,
2450 2723 2635 2788 vide-

525 2824 699 2902 licet,
765 2823 1069 2889 ministro
1140 2823 1465 2902 Sacristae,
1535 2823 1652 2909 qui
1715 2821 2002 2888 officium
2063 2825 2417 2890 anatomiae
2492 2847 2635 2910 per-

530 2931 799 2992 acturus
844 2931 1003 3003 erat,
1050 2925 1370 2991 incisione
1439 2947 1668 3011 corpus
1733 2928 2046 3011 apertum·
2101 2931 2217 3003 est,
2278 2948 2320 2990 a
2370 2926 2638 2992 trachea

528 3050 738 3114 usque
805 3029 891 3092 ad
957 3028 1295 3093 occiduam
1363 3029 1649 3114 corporis
1694 3033 1995 3113 partem3
2058 3033 2128 3093 et
2196 3029 2510 3114 quicquid
2562 3030 2637 3094 in
2661 3034 2771 3112 Th?
2795 3050 2882 3085 en-

529 3116 793 3216 corpore
835 3134 1171 3215 repertum
1218 3133 1336 3206 est,
1396 3130 1470 3193 in
1530 3129 1816 3215 quadam
1877 3151 2048 3194 cuva
2107 3129 2472 3215 repositum
2517 3136 2634 3208 est,
2659 3102 2833 3218 {¹325
2854 3167 2908 3216 ὴ,

530 3232 665 3296 sale
709 3252 1170 3317 conspersum3
1217 3235 1289 3296 et
1333 3230 1407 3294 in
1452 3231 1842 3309 coemeterio,
1890 3252 2024 3295 non
2068 3232 2294 3315 procul
2324 3231 2409 3294 ab
2439 3232 2635 3296 altari
2659 3233 2745 3283 the

531 3333 763 3399 Sancti
829 3332 1167 3419 Stephani,
1231 3338 1641 3412 veneranter,
1706 3355 1856 3399 cum
1925 3331 2495 3398 benedictionibus
2564 3339 2634 3398 et
2661 3299 2940 3363 Cemetery.

530 3435 956 3522 psallentium
986 3435 1355 3512 devotione,
1404 3440 1507 3500 est
1550 3436 1943 3514 humatum3
1987 3435 2105 3498 ubi
2135 3455 2438 3520 processu
2469 3440 2635 3500 tem-

531 3536 726 3623 porie,
803 3536 1112 3600 tumbula
1184 3557 1551 3601 marmorea
1625 3536 1860 3602 extitit
1933 3535 2266 3622 adaptata.
2380 3536 2633 3623 Corpus

532 3643 773 3716 autem,
819 3638 1102 3703 interius
1146 3642 1333 3704 aceto
1377 3638 1612 3716 lotum,
1642 3644 1712 3703 et
1740 3638 2096 3718 imbutum,
2143 3643 2211 3703 et
2254 3639 2466 3703 multo
2496 3640 2632 3704 sale

532 3762 914 3827 respersum,
963 3745 1032 3806 et
1075 3744 1386 3807 resutum.
1477 3740 1569 3805 Et
1612 3740 1738 3806 hoc
1782 3740 1874 3805 sic
1916 3741 2165 3805 factum
2197 3745 2314 3820 est,
2362 3740 2633 3806 circum-

531 3848 750 3931 specte
794 3848 862 3908 et
904 3843 1282 3929 prudenter,
1327 3865 1413 3908 ne
1456 3864 1704 3929 corpus,
1753 3864 1869 3928 per
1911 3842 2212 3908 triduum
2257 3846 2325 3906 et
2354 3844 2636 3929 amplius

530 3945 1020 4025 reservandum,
1053 3949 1303 4011 tetrum
1334 3946 1619 4031 aliquem
1656 3945 1922 4011 odorem
1955 3944 2415 4010 olfacientibus
2441 3967 2636 4032 gene-

533 4051 730 4127 raret,
794 4052 865 4114 et
926 4069 1158 4135 corpus
1219 4046 1693 4112 tumulandum
1739 4046 2303 4112 contrectantibus
2366 4047 2637 4134 aliquod
2659 4017 2975 4136 {Angepegrf-the

600 4313 617 4346 ¹
643 4313 774 4365 This
807 4322 1026 4366 account
1059 4315 1105 4366 is
1142 4315 1295 4381 giVen
1334 4315 1443 4366 also
1480 4314 1539 4365 in
1696 4313 1719 4347 ⁸
1744 4315 1873 4366 This
1893 4317 2035 4365 word
2057 4315 2099 4364 is
2122 4316 2283 4365 added
2315 4315 2370 4364 in
2393 4315 2478 4366 the
2501 4332 2636 4368 mar-

535 4394 648 4445 MS.
701 4393 839 4444 Nero
892 4394 960 4445 D.
1000 4393 1073 4446 i.=
1135 4396 1229 4445 but
1273 4394 1401 4446 aster
1453 4395 1538 4446 the
1631 4393 1720 4458 gin
1758 4394 1816 4443 of
1843 4392 1959 4445 MS.
2007 4392 2247 4444 Claudius
2284 4394 2345 4445 Ε.
2386 4394 2472 4456 ἰν..
2517 4396 2571 4446 in
2607 4414 2640 4447 a

534 4478 752 4523 account
796 4471 856 4521 of
893 4472 977 4523 the
1011 4474 1228 4524 election
1275 4473 1333 4523 of
1380 4473 1538 4535 John,
1634 4472 1907 4523 somewhat
1943 4473 2069 4522 later
2099 4472 2252 4523 hand.
2319 4472 2371 4523 It
2401 4473 2445 4523 is
2478 4483 2639 4526 want-

532 4552 621 4602 the
642 4549 943 4617 succeeding
963 4553 1155 4603 Abbot.
1635 4550 1725 4616 ing
1745 4551 1800 4600 in
1819 4551 1933 4601 MS.
1956 4550 2094 4602 Nero
2117 4551 2183 4603 D.
2204 4549 2238 4602 i.

598 4629 621 4661 ²
644 4628 703 4679 de
738 4629 985 4680 Abbaeum
1031 4630 1284 4696 sepultura
1322 4632 1378 4681 in
1423 4631 1539 4683 MS.
1701 4630 1722 4662 ⁴
1746 4630 1871 4680 This
1893 4631 2048 4691 word,
2061 4629 2220 4682 found
2247 4629 2438 4682 inboth
2464 4631 2640 4696 MSS„

532 4710 673 4760 Nero
694 4709 761 4761 D.
784 4709 818 4760 i.
1636 4709 1681 4761 is
1703 4709 1995 4775 apparently
2017 4716 2107 4760 out
2127 4708 2185 4760 of
2199 4709 2357 4775 place.
