3450 5717
874 801 1010 867 484
1630 806 1849 860 cns-rs
1867 785 2223 858 'Annam

610 1012 797 1076 Roget,
874 996 1058 1062 cavit
1115 999 1195 1061 ut
1261 992 1440 1078 apud
1481 943 1802 1061 Sanctum
1853 992 2195 1059 Albanum
2240 990 2516 1068 veniret,
2562 987 2972 1076 spatiatums

610 1077 800 1205 ἐξὲξ,
878 1102 949 1164 et
996 1097 1492 1185 hospitaturusz
1555 1096 1739 1181 cujus
1784 1095 2087 1181 precibus
2133 1093 2487 1171 annuebat,
2538 1092 2860 1179 sagaciter
2902 1089 2978 1153 in

631 1211 770 1263 A.D.
874 1208 1096 1269 mente
1164 1198 1511 1267 revolvens
1582 1198 2078 1286 indulgentiam
2150 1197 2330 1263 illius
2386 1195 2753 1283 Privilegii,
2799 1191 2976 1280 quod

582 1283 827 1385 uffo,
879 1304 1423 1390 Archiepiscopus
1451 1302 1561 1368 vel
1605 1301 1968 1389 Episcopus
2012 1303 2087 1367 in
2134 1299 2526 1389 ¹praelibato
2570 1294 2978 1366 Monasterio

549 1414 659 1465 The
682 1412 814 1464 Con-
878 1408 1199 1495 hospitari
1226 1429 1362 1474 non
1391 1406 1609 1486 debet,
1650 1405 1786 1473 nisi
1827 1409 2139 1494 rogatus3
2184 1405 2363 1491 quod
2406 1405 2576 1472 bene
2608 1400 2979 1470 considerat

542 1486 846 1599 ffi‘iffoeoe
881 1511 1436 1598 Arohiepiscopus.
1541 1508 1903 1575 Accedenti
1959 1512 2186 1575 autem
2249 1512 2409 1574 ante
2466 1506 2714 1577 ostium
2771 1502 2979 1591 ipsius

547 1622 692 1677 καθ’
714 1621 766 1666 at
882 1614 1288 1695 Monasterii,
1353 1611 1930 1700 processionaliter,
1973 1615 2498 1697 reverenterque,
2544 1608 2763 1675 dictus
2806 1605 2980 1672 Con-

544 1681 792 1803 {thafnffi'to
881 1722 1139 1796 ventus,
1167 1716 1446 1804 pulsatis
1476 1716 1829 1803 campanis,
1858 1716 2213 1781 revestitus
2244 1714 2567 1796 obviavit,
2597 1716 2669 1779 et
2694 1709 2976 1778 eundem

547 1817 633 1866 ὼε
654 1816 858 1869 ΜΟΜΒ·
877 1843 1132 1889 summo
1177 1840 1326 1885 cum
1369 1820 1631 1898 honore,
1674 1819 1862 1885 velut
1907 1823 2160 1905 patrem
2209 1822 2423 1884 tantae
2470 1815 2678 1895 Sedis,
2729 1813 2982 1880 virum·

543 1890 668 1951 ²⁶¹7·
879 1947 1006 2011 que
1052 1927 1265 1990 tantae
1308 1922 1518 2002 famae,
1564 1921 1805 2003 decuit,
1837 1921 2041 1988 salvis
2085 1920 2453 2009 privilegiis
2495 1919 2650 1998 suis,
2691 1914 2980 2003 suscepit

885 2029 913 2065 ²
932 2048 1173 2095 coram.

544 2141 800 2194 Protesta·
969 2129 1221 2218 Populo
1258 2129 1466 2216 igitur
1492 2127 1617 2194 tali
1645 2148 1722 2193 ao
1758 2130 1954 2193 tanto
1981 2125 2371 2206 confluente,
2402 2124 2981 2212 Archiepiscopum

544 2209 845 2341 {gfiffiade
878 2233 1108 2298 Abbas
1145 2232 1453 2299 decenter
1494 2252 1856 2319 aggressae,
1912 2229 2266 2318 quamdam
2314 2229 2407 2294 sie
2450 2228 2608 2295 fecit
2655 2229 2979 2315 protesta-

543 2345 616 2409 by
636 2344 725 2395 the
878 2338 1130 2403 tionem
1156 2342 1305 2418 ;---“
1336 2335 1535 2401 Pater
1580 2335 1973 2413 venerande,
2051 2335 2228 2399 hunc
2300 2333 2491 2398 vobis
2564 2332 2829 2419 penitus
2895 2329 2979 2393 de

544 2411 732 2463 Abbot.
881 2446 919 2477 “
962 2438 1203 2526 gratia,
1261 2460 1399 2505 non
1445 2438 1527 2504 de
1558 2438 1732 2525 jure,
1784 2443 1905 2506 aut
1950 2438 2036 2503 de
2090 2458 2288 2516 more,
2347 2437 2662 2504 honorem
2706 2434 2984 2501 exhibe-

879 2550 916 2579 “
958 2564 1105 2609 mus
1129 2539 1186 2623 ;''
1253 2541 1555 2629 quocirca
1601 2541 1853 2628 gratias
1916 2541 2229 2608 continue
2271 2539 2614 2629 {persolvit
2688 2539 2982 2605 devotas.

547 2667 699 2719 After
719 2682 751 2719 a
882 2644 970 2711 In
997 2645 1284 2712 crastino
1327 2644 1550 2731 igitur,
1602 2645 1768 2710 dicti
1795 2643 2339 2731 Archiepiscopus
2384 2648 2456 2709 et
2498 2642 2743 2720 Abbas,
2775 2640 2984 2707 consi-

549 2740 823 2815 tqmperpte
878 2748 1130 2827 dentes,
1180 2753 1250 2814 et
1301 2748 1590 2814 invicem
1636 2748 1849 2814 verba
1899 2748 2059 2817 laeta
2102 2748 2585 2835 permiscentes,
2629 2746 2822 2811 locali
2867 2767 2984 2832 op·

548 2803 842 2946 ffiffiff’
880 2851 1308 2938 port-,unitata
1364 2850 1862 2938 temporalique,
1924 2851 2356 2931 oonsiderata,
2416 2851 2500 2916 de
2557 2848 2982 2916 libertatibus

549 2934 725 3051 ἓξὲξ
739 2936 834 3053 ιζ·
885 2957 957 3019 et
985 2952 1207 3019 arduis
1249 2952 1533 3040 negotiis
1576 2953 1732 3036 suis,
1764 2950 2072 3038 maxime,
2104 2976 2233 3041 quo
2267 2956 2435 3043 jure,
2467 2957 2547 3019 ut
2590 2956 2982 3041 praetactum

551 3067 777 3118 concile-1
797 3074 854 3120 to
883 3059 1000 3135 est,
1042 3054 1212 3120 illud
1245 3053 1732 3121 Monasterium
1779 3054 2078 3123 ecclesias
2123 3056 2194 3122 in
2235 3076 2395 3125 usus
2437 3059 2624 3122 tenet
2666 3056 2980 3143 proprios,

544 3135 631 3254 ’ξιξ
639 3150 800 3252 Eg*
884 3158 1162 3224 feliciter
1204 3161 1715 3245 pertractarunt.
1827 3159 2162 3247 Concepto
2207 3159 2438 3248 itaque
2493 3159 2797 3225 veritatis
2847 3166 2982 3225 tra-

554 3270 746 3333 Abbot‚
766 3284 822 3319 as
887 3260 1072 3340 mite,
1112 3260 1449 3326 fatebatur
1483 3281 1552 3326 se
1597 3259 1790 3342 nolle,
1841 3282 1963 3327 nec
2001 3282 2206 3349 posse,
2237 3260 2519 3330 indultis
2562 3262 2746 3328 illam
2791 3264 2985 3330 eccle—
3081 3272 3094 3289 ¹

552 3336 861 3469 ᾏξξξοῗξς
889 3364 1057 3430 siam
1115 3362 1369 3429 nudare
1431 3361 1818 3451 privilegiis,
1865 3386 1986 3431 nec
2028 3365 2102 3430 in
2146 3365 2369 3453 aliquo
2412 3365 2700 3452 ejusdem
2747 3366 2984 3453 praeju-

553 3470 639 3520 the
654 3470 867 3523 Monaa-
890 3466 1108 3532 dicare
1176 3465 1493 3531 libertati.
1627 3467 1842 3547 Quem
1892 3467 2050 3534 licet
2094 3469 2429 3557 paulisper
2478 3473 2631 3534 ante
2676 3468 2988 3535 habuerit

552 3542 678 3603 ΨΥ·
891 3573 1408 3656 exasperantem,
1465 3568 1912 3656 Primipotens
1959 3571 2258 3652 eundem,
2304 3572 2487 3659 cujus
2542 3571 2872 3661 praecipue
2914 3572 2990 3637 in

889 3672 1018 3737 hiis
1066 3672 1363 3739 animum
1423 3671 1674 3759 tetigit,
1738 3671 1950 3739 eidem
2011 3675 2295 3741 contulit
2354 3680 2790 3743 mansuetum.
2901 3677 2992 3742 In

888 3774 1030 3862 ipso
1059 3776 1241 3840 enim
1269 3774 1585 3841 continuo
1617 3774 1988 3844 dilectionis
2013 3778 2307 3845 favorem
2337 3779 2579 3861 sentit3
2624 3780 2989 3860 consilium,

892 3877 1359 3963 auxiliumque,
1405 3877 1479 3942 in
1522 3877 1718 3944 dictis
1761 3880 2045 3967 negotiis
2088 3881 2369 3947 feliciter
2409 3883 2668 3969 reperit.

557 3996 666 4048 The
687 3997 855 4049 Arch-
985 3980 1045 4046 O
1087 3979 1373 4045 salutare
1433 3979 1777 4047 mirabile!
1835 3982 2013 4070 quod
2055 4004 2192 4049 non
2236 3984 2450 4051 solum
2495 3985 2581 4050 ab
2626 3986 2990 4065 exactione,

468 4089 481 4097 ’
554 4063 790 4183 {fflffi’m
892 4104 1007 4169 per
1051 4082 1501 4170 qualecunque
1545 4083 1892 4151 consilium
1936 4088 2290 4170 attentata,
2323 4087 2628 4157 totaliter
2668 4088 2998 4170 cessavit3

553 4197 640 4247 the
663 4197 866 4277 lionae-
889 4207 1120 4251 verum
1151 4186 1370 4268 etiam,
1401 4207 1487 4251 ne
1516 4188 1949 4255 concessionis
1978 4210 2115 4257 suae
2144 4191 2536 4279 benignitas,
2562 4194 2683 4257 aut
2701 4191 2996 4278 justitiae

552 4267 844 4394 ffiffi
886 4287 1185 4368 firmitas,
1222 4308 1340 4377 per
1383 4308 1453 4356 se
1482 4291 1593 4357 vel
1642 4312 1763 4380 per
1804 4312 1956 4359 suos
1999 4294 2353 4377 infirmata,
2383 4294 2470 4360 ab
2499 4294 2800 4361 utilitate
2828 4292 3001 4361 dieti
3099 4334 3104 4341 ·

550 4397 614 4447 of
634 4397 702 4449 its
886 4392 1270 4459 monasterii
1316 4393 1688 4461 constantia
1750 4395 2139 4478 titubarent,
2203 4418 2427 4465 omnes
2474 4397 2773 4464 ecelesias
2823 4418 2993 4485 quas

550 4464 794 4597 ἓξὲξ
886 4494 1050 4561 dicti
1091 4494 1380 4584 religiosi
1422 4503 1584 4567 tunc
1632 4499 1709 4564 in
1739 4499 2329 4588 Archiepiscopatu
2373 4522 2492 4567 suo
2535 4500 2997 4589 possederunt,

546 4597 752 4668 vilegoe.
885 4598 959 4662 in
1002 4620 1140 4663 una
1182 4600 1440 4687 pagina,
1473 4606 1544 4668 et
1581 4603 2104 4690 quamplurimos
2133 4604 2634 4692 privilegiorum
2662 4603 2998 4683 articulos,

953 4797 1445 4864 ῙΡΐθῖὥαὶῦίΠΜΒ·
1890 4804 1906 4874 Ι
1997 4805 2349 4864 2ΒὶιιὶιιΜΒ.
