3450 5717
1083 833 1505 885 Momm-nnn
1551 833 1798 886 mon
1842 835 2118 889 mnu.
2629 830 2667 892 5

1102 1128 1205 1194 De
1249 1130 1560 1198 Danao-130
1602 1131 1849 1200 Soencti
1894 1133 2100 1200 Petri.
2702 1124 2982 1247 faigm

2772 1284 2907 1300 —

640 1306 660 1345 ¹
684 1306 1031 1389 Praeterea,
1064 1311 1307 1395 praeter
1352 1312 1636 1397 pratum,
1682 1311 1877 1398 quod,
1928 1310 2142 1378 obiter
2183 1311 2553 1391 inventum,
2582 1310 2655 1377 in

546 1430 703 1475 usus
760 1408 1255 1498 peregrinorum
1312 1412 1797 1478 transeuntium
1856 1419 2367 1500 comparaverat,
2427 1413 2654 1480 Romae

546 1510 851 1578 Scholam
910 1511 1402 1599 peregrinorum
1462 1513 1572 1600 pie
1631 1514 2022 1581 constituite
2093 1520 2174 1581 ut
2231 1515 2481 1581 ibidem
2539 1537 2650 1604 pe-
2678 1520 2795 1572 offa
2809 1520 2989 1575 found:

545 1614 811 1700 regrini,
866 1615 983 1701 qui
1041 1614 1128 1680 ad
1190 1614 1559 1680 Romanam
1621 1615 1981 1682 Ecclesiam
2039 1621 2109 1682 et
2170 1615 2436 1684 Curiam
2495 1640 2650 1685 con·
2672 1587 2992 1721 ἲοῗξὴεῖιοέτῗῐ

540 1715 892 1797 fluxerant,
940 1738 1024 1782 ex
1068 1717 1343 1782 diversis
1388 1717 1625 1782 mundi
1683 1718 1989 1805 partibus
2048 1718 2333 1800 barbari,
2379 1721 2487 1786 vel
2530 1742 2647 1787 vo·
2671 1729 2725 1773 *ὓ
2745 1723 2923 1774 Rome.

543 1818 703 1885 tivae
763 1819 1083 1885 orationis
1139 1820 1378 1905 gratia,
1439 1820 1551 1885 vel
1609 1820 2171 1908 expediendorum
2226 1823 2646 1910 negotiorum

544 1921 947 1997 necessitate,
1025 1921 1289 2009 linguas
1362 1942 1527 2008 quas
1600 1941 1737 1987 non
1812 1929 2141 1989 noverant
2215 1924 2644 1991 addiscerent.

542 2023 705 2105 Quae
749 2023 1003 2102 Schola,
1055 2028 1327 2111 propter
1384 2023 1884 2112 peregrinorum
1947 2025 2346 2105 confluxum,
2395 2026 2645 2092 ibidem

538 2126 847 2192 solatium
890 2125 1404 2213 suscipientium,
1434 2147 1625 2193 versa
1653 2130 1754 2193 est
1782 2126 1858 2192 in
1894 2128 1919 2166 ²
1935 2126 2435 2208 xenodochium,
2468 2130 2645 2215 quod

543 2236 583 2269 ‘⁴
600 2231 832 2297 Sancti
882 2229 1175 2317 Spiritus
1190 2229 1227 2255 ''
1273 2229 1530 2296 dicitur.
2317 2315 2326 2326 .

630 2332 743 2399 Ad
791 2333 963 2418 quod
1022 2331 1495 2414 exhibendum,
1551 2331 1701 2396 Rex
1762 2331 1930 2412 offa,
1985 2353 2072 2397 ex
2123 2333 2330 2421 regali
2380 2335 2642 2399 munifi·
2670 2348 2822 2402 Saint

537 2435 779 2514 centia,
820 2440 886 2501 et
918 2435 1190 2522 pietatis
1228 2434 1489 2513 affectu,
1524 2433 1888 2514 denarium,
1920 2435 2036 2522 qui
2076 2434 2321 2501 dicitur
2361 2443 2396 2472 ‘⁴
2414 2436 2641 2503 Sancti
2665 2416 2854 2535 {232⁸

539 2546 577 2575 ‘⁸
607 2538 843 2618 Petri?
900 2539 981 2606 de
1038 2539 1332 2604 maxima
1391 2542 1581 2626 parte
1640 2537 1828 2624 regni
1887 2537 1991 2603 sui
2045 2539 2403 2618 concessit3
2471 2539 2641 2606 obti-
2664 2552 2874 2614 granted
2894 2552 2965 2618 by

531 2663 698 2708 nens
747 2641 1002 2718 idcircO,
1055 2646 1135 2707 ut
1186 2641 1409 2706 nullus
1460 2639 1838 2728 Angligena
1882 2644 2074 2706 extra
2117 2640 2430 2728 Angliam
2476 2639 2504 2680 ⁸
2521 2664 2640 2707 an-
2662 2615 2885 2747 ἓξῧέξξ
2894 2687 2957 2736 of

533 2744 820 2809 tidotum
892 2742 1309 2831 poenitentiae
1386 2741 1831 2808 mendicaret:
1901 2763 2058 2807 sane
2117 2746 2378 2809 retento
2440 2764 2638 2810 censu
2659 2748 2745 2801 the
2762 2751 2968 2804 Sehool.

531 2846 613 2911 de
681 2852 829 2913 tota
886 2852 1068 2912 terra
1135 2845 1362 2912 Sancti
1422 2845 1691 2924 Albani,
1752 2844 2057 2912 Ecclesiae
2118 2844 2345 2911 Sancti
2369 2835 2635 2912 'Albani

535 2948 778 3015 futuris
839 2948 1264 3036 temporibus,
1319 2947 1426 3012 die
1488 2946 1717 3026 Sancti
1769 2947 1950 3012 Petri
2010 2947 2096 3012 ad
2142 2946 2428 3013 Vincula
2485 2971 2635 3035 per-
2658 2971 2769 3023 The
2790 2972 2937 3024 land:

529 3051 861 3128 solvendo,
904 3051 976 3116 in
1022 3050 1399 3116 testimonio
1444 3050 1914 3137 recognitionis
1958 3051 2391 3137 sempiternae,
2440 3052 2632 3137 quod,
2654 3039 2954 3159 ζίῃὲξιοᾼζο

529 3159 608 3220 ut
636 3153 993 3220 Ecclesiam
1020 3152 1293 3218 liberam
1326 3151 1644 3232 redderet,
1674 3158 1744 3218 et
1772 3174 1906 3218 non
1938 3151 2320 3240 obligatam,
2351 3153 2628 3220 Romam
2655 3181 2856 3238 exempt

526 3256 810 3343 petierit.
884 3264 917 3291 0‘
950 3254 1037 3320 In
1091 3254 1259 3331 die?
1316 3253 1608 3341 inquam,
1662 3262 1698 3289 ‘⁶
1728 3254 1923 3320 Beati
1972 3254 2157 3319 Petri
2203 3256 2292 3320 ad
2343 3255 2630 3322 Vincula
2651 3237 2930 3357 333⁷·

531 3366 573 3396 “
614 3357 1040 3446 persolvendo
1066 3355 1136 3439 ;''
1210 3356 1372 3444 quia
1430 3357 1658 3423 eadem
1736 3356 1844 3423 die
1922 3356 2070 3422 Rex
2145 3378 2378 3444 corpus
2438 3358 2630 3426 Beati
2655 3370 2809 3422 Saint

522 3460 786 3542 Albani,
846 3459 1214 3548 Anglorum
1274 3458 1813 3545 Protomartyris,
1884 3458 1966 3524 de
2042 3462 2306 3526 terreno
2383 3462 2627 3548 cespite
2650 3437 2840 3557 ἓξὲξ

521 3563 838 3643 levatum,
889 3562 1192 3628 invenire
1242 3561 1623 3649 promeruit.
1716 3561 1920 3630 Unde
1967 3560 2080 3626 ille
2129 3561 2437 3628 denarius
2499 3564 2626 3630 col-

524 3667 734 3733 lectus
776 3687 1016 3732 nomen
1059 3663 1353 3743 sortitur,
1396 3670 1477 3730 ut
1522 3670 1562 3701 “
1580 3664 1910 3731 Denarius
1956 3661 2187 3731 Sancti
2234 3664 2418 3731 Petri
2437 3664 2473 3691 ’'
2507 3688 2626 3754 per

528 3773 741 3836 totam
786 3768 1099 3856 Angliam
1143 3766 1524 3856 appelletur.

675 4036 844 4103 Die-s
884 4035 1132 4104 Samct‘i,
1173 4034 1459 4113 Albani,
1508 4033 1595 4100 i‘n
1641 4033 1943 4101 crastino
1986 4031 2232 4100 Sancti
2274 4032 2488 4099 Pom.

612 4187 1116 4255 Solemnitatem
1166 4207 1325 4252 vero
1385 4184 1808 4251 Inventionis
1867 4183 2098 4250 Sancti
2159 4182 2409 4248 Albani
2469 4204 2620 4249 con·
2644 4187 2755 4266 'ljhe
2769 4188 2954 4242 Inven-

522 4290 752 4356 stituit
810 4289 975 4371 Rex,
1021 4309 1287 4355 assensu
1329 4287 1615 4353 Abbatis
1659 4285 2015 4374 willegodi
2057 4291 2129 4352 et
2186 4285 2395 4351 totius
2446 4285 2618 4352 Con·
2639 4255 2929 4455 ξ”ᾐῗ

592 4593 607 4622 “
632 4590 849 4641 Proetm
847 4606 1078 4641 ......
1103 4587 1333 4655 Anqliam
1353 4586 1521 4654 appel-
1620 4588 1681 4639 R
1706 4588 1777 4639 iv.

511 4672 643 4724 latur
664 4670 871 4723 omitted
888 4670 942 4721 in
964 4670 1079 4722 MS.
1104 4670 1353 4736 Spelmnn.
1685 4667 1708 4701 ³
1732 4666 1998 4719 antitodton
2039 4665 2094 4718 in
2128 4665 2245 4719 MS.
2284 4665 2527 4720 Claudius
2554 4665 2614 4717 E.

591 4753 614 4784 ²
629 4748 963 4802 zenodochium
1006 4749 1058 4801 in
1103 4748 1221 4802 MS.
1278 4749 1520 4801 Claudius
1619 4749 1686 4801 ἰν.
