3450 5717
820 778 967 847 ‘408
1589 783 1806 837 GESTA
1848 783 2174 835 ABBATUM

566 978 754 1043 Roget,
844 981 882 1006 “
927 982 940 1006 ‘
966 976 1062 1034 vel
1124 994 1438 1040 recessum,
1502 974 1746 1039 Prioris‚
1812 971 2126 1035 vacaverit,
2192 987 2296 1024 seu
2346 986 2451 1040 per
2500 966 2779 1021 delictum
2838 962 2933 1017 vel

598 1046 721 1094 24th
845 1067 883 1089 ‘⁶
927 1066 941 1090 ‘
969 1063 1189 1118 crimen
1233 1061 1306 1116 de
1360 1078 1476 1133 quo
1528 1059 1793 1130 legitime
1845 1057 2005 1113 idem
2051 1054 2223 1110 Prior
2272 1052 2665 1112 convincatur,
2718 1048 2934 1109 statim,

570 1114 761 1227 ‘Xstssot’
846 1149 883 1173 ‘⁶
926 1150 941 1174 ‘
968 1146 1043 1201 ad
1093 1145 1535 1218 requisitionem
1584 1143 1772 1215 ipsius
1827 1140 2171 1203 Comitissae‚
2220 1139 2439 1209 absque
2488 1132 2940 1190 contradictione

540 1214 782 1295 meo-eo.
846 1233 883 1258 “
928 1234 942 1257 ‘
971 1230 1249 1302 qualibet,
1296 1229 1369 1284 de
1407 1229 1712 1285 Conventa
1764 1226 1962 1282 Sancti
2029 1223 2243 1278 Albani
2298 1240 2402 1294 per
2455 1218 2697 1274 eandem
2749 1215 2942 1271 Comi-

594 1345 728 1356 --
846 1318 883 1341 “
925 1319 940 1341 “
970 1315 1175 1369 tissam
1221 1313 1597 1384 requirantur
1644 1318 1767 1366 tres
1803 1307 2073 1365 monachi
2129 1303 2557 1370 idonei,—dum
2594 1309 2786 1357 tamen
2833 1299 2942 1353 ibi-

845 1402 881 1425 “
925 1401 939 1425 ‘
967 1398 1100 1454 dem
1126 1397 1320 1453 idonei
1346 1396 2057 1467 reperiantur,—quorum
2092 1390 2251 1446 idem
2285 1389 2485 1444 Abbas
2526 1404 2727 1450 unum,
2768 1401 2942 1456 quem

867 1486 883 1509 ‘
928 1487 941 1509 ‘
970 1482 1243 1538 idoneum
1279 1481 1659 1554 reputaverit,
1700 1479 1857 1535 dicto
1893 1475 2188 1532 Prioratui
2227 1473 2509 1546 praeficiet
2543 1473 2604 1526 in
2658 1470 2942 1525 Priorem.

869 1570 883 1593 ‘
928 1570 941 1593 ‘
968 1567 1047 1622 Et
1082 1567 1134 1622 si
1169 1564 1366 1620 nullus
1415 1564 1633 1619 ibidem
1685 1563 1927 1618 idoneus
1981 1559 2328 1633 reperiatur,
2367 1556 2513 1612 alios
2554 1573 2661 1628 per
2696 1552 2944 1608 eundem

848 1655 883 1678 “
928 1653 943 1676 ‘
969 1667 1283 1705 numerum
1333 1648 1405 1703 de
1454 1646 1819 1719 professione
1869 1644 2070 1701 eadem
2108 1641 2373 1715 requiret
2411 1639 2706 1697 antedicta
2752 1635 2946 1692 Comi-

849 1738 886 1762 “
930 1737 944 1761 ‘
972 1736 1121 1790 tissa
1157 1732 1509 1797 successive,
1564 1733 1617 1787 si
1667 1750 1815 1803 opus
1854 1730 2051 1794 fuerit,
2098 1744 2402 1799 quousque
2439 1724 2650 1795 aliquis
2689 1722 2945 1777 invenia-

849 1822 885 1846 “
929 1823 944 1845 ‘
972 1825 1070 1874 tur
1134 1817 1398 1874 idoneus.
1495 1817 1648 1872 Sane
1705 1817 1864 1871 dicta
1915 1813 2247 1876 Comitissa,
2302 1811 2575 1865 affectans
2629 1807 2947 1863 utilitatem

849 1906 885 1931 ‘⁴
929 1906 943 1930 ‘
970 1902 1269 1975 proedictae·
1302 1902 1583 1964 ecclesiae,
1631 1907 1691 1955 et
1726 1898 2096 1954 commodum
2133 1896 2524 1968 profuturum,
2565 1912 2632 1949 ac
2682 1909 2788 1964 per
2822 1891 2949 1947 lau-

873 1990 886 2014 ‘
932 1991 946 2014 ‘
975 1987 1167 2042 dabile
1226 1986 1627 2042 testimonium
1677 1982 2000 2047 attendenS‚
2055 1981 2414 2037 antedictum
2460 1977 2824 2033 Willelmum
2873 1975 2951 2031 ad

874 2076 887 2099 ‘
932 2076 945 2098 ‘
974 2071 1240 2143 regimen
1276 2070 1419 2126 dicti
1443 2069 1747 2124 Prioratus
1771 2067 2026 2122 habilem
2063 2071 2124 2121 et
2155 2068 2580 2136 competentem
2617 2072 2947 2132 acceptam,

849 2160 887 2184 “
931 2160 944 2183 ‘
973 2155 1382 2212 'nihilominus
1449 2154 1712 2225 ejusdem
1750 2152 2053 2215 Willelmi,
2125 2149 2600 2205 humiliationem
2656 2146 2950 2217 cupientis

877 2246 890 2268 ‘
935 2245 949 2267 ‘
978 2258 1084 2312 per
1120 2241 1317 2296 omnia
1352 2257 1696 2311 supremum
1732 2237 2050 2293 Dominum
2073 2235 2227 2291 votis
2252 2233 2375 2289 suis
2413 2249 2685 2296 annuere,
2732 2231 2948 2302 ipsum,

854 2330 891 2352 ‘⁶
936 2329 950 2351 ‘
978 2332 1253 2398 tanquam
1299 2325 1496 2380 virum
1530 2323 1810 2379 idoneum
1845 2322 1953 2377 hac
1988 2319 2118 2375 vico
2170 2317 2521 2389 specialiter,
2561 2333 2665 2388 per
2705 2314 2952 2370 nuncios

853 2414 890 2437 ‘⁶
930 2413 944 2437 ‘
972 2427 1109 2465 suos
1164 2409 1471 2473 solemnes,
1515 2414 1575 2463 et
1610 2408 1838 2463 litteras
1896 2423 2031 2460 suas
2073 2409 2358 2475 patentes,
2398 2400 2834 2474 praeficiendum
2879 2400 2955 2455 ab

855 2497 892 2520 “
937 2504 950 2521 “
978 2494 1181 2550 eodem
1238 2493 1479 2549 'Abbate
1546 2492 1608 2547 in
1678 2492 1837 2548 dicto
1897 2490 2171 2545 Prioratu
2233 2488 2480 2560 dignum
2533 2486 2698 2541 duxit
2763 2485 2959 2556 requi·

856 2583 893 2606 “
937 2582 950 2604 ‘
977 2596 1144 2644 rere;
1184 2577 1387 2633 volens
1438 2581 1497 2631 ct
1530 2576 1852 2632 concedens
1901 2579 1971 2630 ut
2020 2592 2090 2629 ex
2130 2592 2284 2629 nunc
2332 2574 2392 2627 in
2429 2571 2561 2626 aliis
2597 2570 2722 2627 suis
2764 2568 2957 2642 requi-

859 2666 896 2689 “
941 2666 955 2688 ‘
984 2660 1290 2721 sitionibus
1328 2660 1612 2717 faciendis
1665 2662 1855 2716 forma
1904 2657 2242 2732 requirendi
2293 2657 2639 2728 praescripta
2685 2662 2956 2711 teneatur

858 2748 895 2772 “
938 2749 952 2772 ‘
982 2752 1043 2801 et
1077 2746 1438 2801 observetur.
1514 2744 1830 2800 Provisum
1866 2750 1957 2799 est
1992 2742 2190 2807 etiam,
2249 2741 2405 2813 quod
2439 2741 2632 2796 dictus
2669 2739 2957 2794 Dominus

858 2832 895 2856 “
939 2832 953 2856 ‘
980 2829 1317 2886 Willelmus
1373 2829 1718 2885 confiteatur
1780 2828 1841 2883 in
1891 2828 2206 2900 praesentia
2258 2825 2609 2888 Comitissae,
2669 2825 2732 2878 in
2766 2823 2958 2896 primo

858 2916 898 2939 ‘⁴
942 2916 957 2939 ‘
986 2929 1092 2967 suo
1142 2911 1416 2977 adventu,
1457 2912 1616 2984 quod
1667 2912 1816 2967 nihil
1860 2912 2076 2967 clamat
2123 2911 2186 2965 in
2218 2910 2374 2965 dicto
2425 2909 2698 2964 Prioratu
2734 2909 2958 2963 ratione

863 3001 900 3024 ‘⁸
944 3000 959 3024 ‘
986 2997 1194 3069 primae
1230 2997 1648 3069 praefectionis,
1693 2996 1800 3052 sed
1836 3002 2081 3060 tantum,
2144 2994 2218 3050 ad
2265 2995 2706 3066 requisitionem
2765 2991 2958 3048 Comi·

860 3086 897 3109 ‘⁴
941 3085 955 3109 ‘
984 3082 1146 3137 tissae
1205 3080 1517 3147 admissus,
1557 3082 1871 3154 praefectus
1910 3081 1990 3136 sit
2042 3079 2214 3135 Prior
2263 3078 2326 3133 in
2365 3078 2587 3134 eodem.
2663 3076 2959 3133 Caeterum

859 3169 897 3194 “
942 3176 955 3193 ⁸
983 3183 1189 3223 cavere
1229 3170 1500 3222 oenentur
1524 3166 1793 3237 praedicti
1830 3165 2029 3221 Abbas
2064 3174 2124 3220 et
2166 3162 2499 3219 Conventus
2536 3180 2642 3234 per
2690 3179 2828 3217 suas
2865 3161 2963 3216 lit-

862 3255 899 3279 “
943 3254 958 3278 ⁶
984 3256 1142 3307 teras
1178 3240 1465 3323 patentes,
1517 3251 1674 3322 quod
1722 3251 1776 3305 si
1818 3250 2002 3322 aliqui
2040 3248 2243 3304 clerici
2278 3248 2374 3303 vel
2411 3247 2545 3302 laici
2589 3265 2694 3319 per
2730 3246 2961 3317 aliquas

862 3340 899 3364 “
940 3336 956 3363 ‘
984 3334 1393 3407 obligationes,
1446 3335 1767 3406 pactiones,
1819 3333 2200 3398 conditiones,
2249 3331 2348 3388 vel
2384 3338 2733 3397 contractus,
2780 3349 2816 3386 a
2865 3330 2962 3385 die

863 3423 900 3447 “
944 3422 959 3446 ‘
986 3417 1181 3475 obitus
1218 3418 1487 3490 praedicti
1530 3418 1817 3475 willelmi
1854 3418 1928 3473 de
1967 3418 2179 3473 Sancto
2220 3417 2467 3481 Albano,
2507 3415 2797 3487 quondam
2832 3415 2965 3471 Pri·

864 3507 901 3531 ‘⁶
945 3506 959 3530 ‘
987 3502 1107 3558 oris
1145 3501 1217 3557 de
1243 3501 1698 3575 Wymundham,
1726 3504 1838 3559 hoc
1871 3507 1980 3567 est,
2018 3519 2054 3557 a
2089 3502 2184 3557 die
2221 3501 2419 3558 Sancti
2447 3500 2720 3572 Gregorii
2761 3500 2959 3572 Papae,

864 3591 902 3615 ‘⁴
945 3591 959 3615 ‘
988 3605 1136 3643 anno
1187 3586 1407 3643 Gratiae
1463 3587 1782 3642 millesimo
1819 3586 2219 3642 ducentesimo
2280 3586 2647 3657 sexagesimo
2684 3585 2960 3649 secundo,

864 3675 902 3699 “
946 3675 960 3699 ‘
988 3689 1175 3744 usque
1191 3670 1435 3726 addiem
1447 3671 1815 3727 Dominicam
1833 3672 1895 3725 in
1914 3673 2062 3727 festo
2082 3671 2469 3727 Exaltationis
2488 3671 2716 3726 Sanotae
2733 3671 2965 3735 Crucis,

865 3758 901 3785 “
943 3759 957 3783 ‘
985 3773 1134 3811 anno
1162 3754 1380 3810 Gratim
1416 3755 1733 3811 millesimo
1767 3746 2168 3811 ducentesimo
2192 3756 2556 3826 sexagesimo
2593 3762 2819 3827 quarto,
2859 3773 2968 3826 per

890 3843 904 3867 ‘
948 3845 962 3868 ‘
990 3840 1213 3895 dictum
1277 3838 1645 3895 Willelmum
1694 3839 1768 3895 de
1811 3841 2097 3905 Hortone,
2157 3848 2217 3896 et
2270 3842 2399 3912 ejus
2454 3841 2687 3896 nomine
2746 3840 2964 3904 debita,

866 3916 904 3952 “
947 3927 964 3952 ⁶
990 3925 1318 3997 pensiones,
1378 3932 1667 3997 sumptus,
1722 3925 1820 3979 vel
1876 3943 2159 3998 expensas
2228 3926 2290 3980 in
2338 3924 2520 3981 Curia
2572 3924 2834 3981 Romana
2865 3925 2968 3979 vel

866 4014 904 4037 ‘⁶
948 4015 962 4038 ‘
990 4009 1130 4065 alibi
1168 4010 1370 4072 factas,
1416 4008 1683 4064 ducentis
1720 4010 1891 4066 libris
1930 4011 2206 4066 duntaxat
2261 4012 2536 4082 exceptiS,
2589 4011 2786 4082 aliquo
2820 4017 2969 4065 tem-

867 4099 903 4121 “
949 4099 962 4121 ‘
989 4112 1130 4167 pore
1185 4094 1483 4165 petierint,
1548 4094 1867 4167 praedictus
1928 4095 2126 4152 Abbas
2177 4102 2239 4151 ct
2298 4096 2632 4152 Conventus
2691 4103 2970 4150 tenentur

890 4183 903 4205 ‘
948 4183 962 4205 ⁶
990 4179 1213 4234 dictum
1261 4178 1615 4243 Prioratum,
1656 4180 1717 4233 in
1756 4198 1898 4235 casu
1933 4179 2065 4245 istc,
2107 4180 2439 4252 sumptibus
2475 4180 2728 4252 propriis
2766 4186 2973 4235 contra

891 4267 905 4290 ‘
947 4265 963 4290 ‘
991 4281 1190 4319 omnes
1228 4258 1493 4318 homines
1530 4258 1842 4319 defendere
1882 4270 1942 4319 et
1988 4264 2159 4329 tueri,
2212 4272 2273 4321 et
2306 4265 2638 4337 petentibus
2690 4264 2762 4319 de
2801 4265 2971 4321 bonis

890 4351 905 4375 ‘
947 4350 963 4375 ‘
990 4348 1270 4404 Ecclesiae
1308 4348 1512 4404 Sancti
1544 4347 1762 4403 Albani
1799 4349 2154 4405 satisfacere.
2232 4348 2374 4418 Quae
2418 4348 2655 4420 quidem
2703 4348 2972 4404 ducentae

891 4434 905 4460 ‘
949 4435 963 4459 ‘
992 4431 1177 4498 libroe,
1218 4432 1290 4489 de
1327 4431 1661 4505 provisione
1698 4433 2024 4504 praemissa,
2064 4432 2137 4488 do
2189 4433 2357 4489 bonis
2406 4431 2669 4488 ecclesiae
2708 4432 2781 4487 de
2829 4433 2975 4505 Wy-

866 4518 906 4542 “
948 4518 965 4543 ‘
991 4516 1327 4583 mundham‚
1388 4517 1514 4573 sine
1577 4516 1890 4583 calumnia,
1940 4524 2080 4573 sunt
2128 4517 2443 4583 sumendae,
2496 4524 2556 4574 et
2608 4535 2714 4590 per
2773 4518 2976 4591 ipsum

1332 4710 1353 4745 ¹
1374 4711 1499 4764 This
1518 4685 1733 4781 passage
1756 4714 1802 4772 is
1832 4715 2132 4781 apparently
2154 4714 2474 4781 incomplete.
