3450 5717
805 826 939 892 450
1560 838 1776 893 essu
1818 838 2150 892 snm-mu

573 1108 661 1156 24t
816 1116 854 1142 “

529 1172 720 1235 Abho&
815 1192 853 1227 ke

560 1239 696 1292 An
815 1286 853 1311 „

510 1310 532 1354 l
540 1310 752 1362 250—90.

812 1369 850 1394 6‘

891 1028 1251 1086 celebretur:
1314 1029 1401 1084 ita
1432 1027 1592 1099 quod
1641 1028 1745 1084 ille
1794 1028 2116 1085 monachus
2153 1032 2214 1083 et
2266 1025 2467 1090 frater,
2489 1016 2497 1026 ”
2520 1025 2624 1097 qui
2658 1041 2777 1081 nno
2809 1023 2905 1079 die

891 1114 1109 1170 dictam
1167 1112 1414 1169 Missam
1464 1112 1540 1168 ad
1586 1118 1784 1169 notam
1833 1112 2108 1185 Virginis
2167 1109 2443 1183 gloriosae
2502 1109 2905 1173 celebraverit,

889 1199 1137 1255 Missam
1188 1200 1569 1254 memoratam
1602 1215 1708 1269 pro
1760 1197 1991 1252 Abbate
2027 1202 2089 1253 et
2141 1195 2314 1252 dictis
2362 1194 2652 1250 defunctis
2690 1194 2786 1249 die
2823 1210 2910 1249 se-

890 1283 1098 1349 cund0,
1137 1270 1390 1338 Domino
1439 1282 1704 1353 juvante,
1759 1276 2095 1338 celebrabit.
2170 1276 2250 1336 Et
2297 1279 2558 1345 interim,
2611 1294 2801 1349 usque
2837 1276 2913 1333 ad

887 1367 1196 1423 decessum
1229 1365 1374 1421 dicti
1408 1365 1631 1437 Rogeri
1661 1364 1933 1430 Abbatis,
1972 1365 2104 1421 loco
2139 1370 2200 1422 et
2230 1362 2494 1436 tempore
2531 1361 2914 1435 praenomina-

811 1453 850 1479 “
885 1452 985 1518 tis,
1024 1451 1087 1507 in
1120 1451 1309 1507 forma
1330 1455 1528 1506 tamen
1562 1449 1813 1505 inferius
1836 1448 2134 1516 distincta,
2161 1448 2553 1505 celebrabitur
2574 1465 2694 1503 una
2727 1445 2915 1501 Missa

810 1538 849 1563 “
886 1553 993 1607 pro
1027 1536 1155 1607 ipso
1190 1530 1420 1593 Abbate
1454 1530 1609 1599 vive,
1650 1532 1725 1589 ad
1764 1551 2172 1604 quemcunque
2226 1537 2445 1589 statum
2492 1526 2814 1595 devenerit,
2854 1534 2916 1584 et

810 1622 849 1648 “
884 1637 993 1691 pro
1027 1619 1296 1675 omnibus
1333 1618 1617 1674 iram-ibus
1644 1617 1911 1674 ecclesiae
1945 1622 2305 1683 memoratae,
2346 1614 2406 1673 et
2440 1612 2708 1687 ejusdem
2743 1612 2914 1669 bene-

810 1706 850 1733 “
885 1704 1224 1770 factoribuS,
1262 1703 1519 1775 singulis
1557 1702 1785 1759 diebus.
1849 1698 2019 1758 Unde
2055 1701 2217 1759 dicto
2252 1702 2349 1758 die
2374 1701 2578 1758 Sancti
2614 1697 2912 1772 Gregorii,

809 1791 849 1817 “
884 1788 1042 1844 idem
1094 1788 1367 1861 Rogerus
1420 1786 1585 1843 dedit
1637 1792 1698 1842 et
1751 1786 2080 1859 assignavit
2128 1787 2194 1842 in
2243 1791 2596 1859 perpetuum
2647 1784 2915 1854 coquinas

809 1875 849 1901 “
884 1873 1303 1930 monachorum
1335 1877 1520 1928 totam
1559 1876 1782 1927 terram
1839 1871 2026 1937 illam,
2067 1888 2205 1926 cum
2258 1871 2531 1929 omnibus
2564 1870 2687 1925 suis
2735 1867 2916 1947 Berti-

809 1959 850 2041 .“
882 1957 1115 2023 nentiis,
1171 1975 1303 2029 quae
1354 1955 1669 2029 aliquando
1723 1956 1843 2011 fuit
1877 1954 2166 2012 willelmi
2201 1954 2471 2022 Morand,
2531 1954 2594 2009 in
2637 1953 2782 2010 villa
2832 1952 2909 2007 de

811 2043 827 2068 ‘
885 2040 1109 2098 Astone
1144 2040 1414 2106 Abbatis,
1450 2058 1569 2095 una
1616 2057 1752 2095 cum
1788 2036 1991 2094 decem
2028 2036 2181 2096 acris
2218 2038 2282 2093 in
2323 2038 2528 2094 eadem
2550 2034 2707 2102 villa,
2735 2054 2916 2109 quam

887 2131 1110 2182 terram
1144 2126 1290 2181 emit
1325 2125 1398 2180 de
1433 2118 1691 2180 Roberto
1725 2122 1800 2178 de
1842 2120 2173 2194 Bingham3
2223 2124 2415 2195 ipsam
2444 2119 2517 2178 de
2553 2114 2760 2178 alienis
2794 2139 2918 2175 ma·

810 2210 851 2237 “
886 2210 1081 2276 nibus,
1138 2226 1317 2281 quam
1374 2207 1672 2274 invadere,
1711 2206 1788 2263 ad
1841 2207 2124 2263 damnum
2171 2220 2408 2263 enorme
2479 2212 2541 2263 et
2587 2205 2919 2278 periculum

811 2294 851 2321 “
888 2312 1004 2350 non
1059 2294 1357 2351 modicum
1417 2292 1700 2365 coquinae,
1770 2297 2214 2363 proposuerant,
2269 2310 2407 2348 cum
2464 2290 2809 2347 difficultate
2859 2294 2924 2344 et

812 2379 852 2405 “
889 2376 1407 2449 circumspectione
1461 2376 1690 2432 cautius
1727 2375 2047 2446 eripiend0.
2120 2376 2200 2431 Et
2236 2375 2376 2448 quia
2409 2375 2750 2446 temporalis
2787 2391 2920 2430 con-

815 2628 855 2655 “
891 2646 1069 2685 sensu
1114 2628 1395 2694 omnium,
1449 2624 1606 2696 quod
1653 2624 1977 2680 monachus
2026 2623 2247 2681 dictam
2294 2623 2547 2682 Missam
2592 2624 2932 2689 celebrans,=

890 2458 1098 2518 solatio
1151 2456 1519 2533 spiritualem
1561 2456 1933 2515 devotionem
1986 2459 2314 2516 ferventius
2370 2460 2626 2516 excitare
2676 2476 2919 2515 consue-

890 2543 996 2609 vit,
1044 2544 1253 2600 statuit
1295 2542 1453 2597 idem
1499 2546 1686 2612 pater,
1726 2546 1789 2595 et
1825 2539 2087 2611 providit
2120 2536 2630 2612 irrefragabiliter,
2670 2538 2746 2595 de
2787 2555 2921 2596 con-

816 2713 855 2740 “
894 2719 955 2769 et
1000 2714 1064 2768 in
1112 2718 1463 2785 perpetuum
1517 2727 1623 2782 per
1670 2709 1786 2765 Dei
1834 2708 2093 2781 gratiam
2152 2709 2576 2776 celebraturus,
2620 2726 2758 2765 cum
2807 2709 2920 2763 fra-

817 2799 857 2824 “
891 2797 1084 2853 tribus
1130 2795 1375 2852 minutis
1425 2799 1592 2850 extra
1638 2793 2022 2849 refectorium
2075 2794 2500 2850 recreationem
2546 2793 2917 2883 lgabentibus,

818 2883 857 2910 “
895 2888 956 2938 et
991 2883 1168 2938 etiam
1232 2899 1369 2937 cum
1405 2880 1539 2936 aliis
1591 2879 2041 2951 quibuscunque
2101 2879 2167 2935 in
2226 2879 2436 2937 solatio
2500 2879 2916 2945 reficientibus,

816 2966 857 2994 ⁸‘
896 2970 1060 3022 extra
1110 2962 1506 3030 refectorium,
1559 2960 1625 3017 in
1669 2962 1801 3019 loco
1843 2961 2091 3019 minutis
2133 2963 2452 3035 assignato,
2493 2963 2738 3020 reficiat.
2827 2960 2923 3019 Ita

816 3052 858 3079 “
895 3049 1050 3122 quod
1084 3049 1137 3105 si
1185 3049 1304 3105 sint
1351 3046 1486 3111 duo,
1537 3045 1666 3117 ipse
1718 3054 1967 3102 numero
2001 3042 2394 3102 reficientium
2442 3047 2522 3103 sit
2570 3048 2822 3114 tertius;
2860 3052 2924 3102 et

817 3136 857 3163 ‘⁶
894 3135 960 3190 in
994 3132 1348 3189 comestione
1388 3129 1613 3187 cibaria
1657 3128 2054 3185 reficientium
2098 3129 2426 3197 benedicat,
2477 3137 2538 3195 et
2571 3132 2724 3188 tales
2759 3131 2921 3188 cibos

820 3221 859 3246 “
898 3218 1102 3290 quales
1141 3215 1359 3271 minuti
1391 3213 1744 3289 percipiunt,
1784 3231 1821 3269 a
1866 3214 2117 3285 coquina
2175 3214 2509 3272 Conventus
2547 3221 2608 3271 et
2641 3217 2766 3288 ipse
2801 3234 2922 3272 om-

822 3304 861 3330 “
897 3302 1038 3357 nino
1085 3299 1388 3372 percipiet.
1457 3296 1550 3353 De
1597 3297 1806 3352 Priore
1854 3303 2071 3366 autem,
2136 3298 2189 3354 si
2225 3298 2443 3355 dictam
2489 3298 2738 3356 Missam
2773 3301 2922 3357 cele-

824 3388 864 3414 “
899 3385 1179 3450 braverit,
1218 3384 1307 3440 sic
1343 3381 1461 3438 erit
1474 3380 1866 3447 3-videlicet,
1907 3380 2068 3453 quod
2097 3380 2164 3437 in
2197 3396 2401 3439 mensa
2435 3383 2510 3439 de
2544 3382 2774 3441 duobus
2809 3384 2922 3440 fer-

823 3473 862 3498 “
899 3470 1050 3527 culis
1115 3468 1406 3541 percipiet
1452 3471 1739 3537 quantum
1807 3465 1926 3521 duo
1983 3467 2218 3532 stati-es,
2275 3467 2523 3534 scilicet,
2578 3484 2763 3524 unum
2811 3470 2924 3524 fer-

823 3557 863 3582 “
901 3554 1102 3611 culum
1157 3552 1231 3608 de
1271 3569 1389 3606 uno
1436 3567 1654 3623 genere
1702 3550 1989 3618 carnium,
2041 3556 2103 3606 et
2154 3551 2411 3608 alterum
2472 3552 2546 3607 de
2605 3554 2812 3621 altero,
2864 3560 2927 3610 et

825 3639 866 3667 “
902 3638 1081 3703 ultra,
1119 3650 1297 3692 unam
1342 3634 1552 3690 bonam
1598 3632 1916 3705 pitanciam
1964 3634 2039 3689 de
2073 3635 2251 3691 tertio
2291 3653 2505 3708 genere
2543 3637 2825 3704 carnium,
2865 3646 2929 3692 et

825 3725 866 3751 “
904 3723 1050 3778 alias
1087 3718 1375 3793 pitancias
1412 3734 1570 3784 suas,
1622 3717 1946 3774 secundum
1982 3718 2139 3789 quod
2173 3720 2236 3774 in
2269 3720 2580 3777 refectorio
2613 3721 2922 3793 percipiet.

904 3804 986 3862 Et
1020 3805 1073 3861 si
1109 3803 1193 3860 ibi
1240 3802 1525 3866 reficeret,
1564 3800 1630 3855 in
1676 3816 1844 3858 coena
1883 3801 1971 3858 sic
2025 3802 2155 3868 erit,
2208 3803 2367 3874 quod
2411 3804 2474 3860 in
2508 3809 2771 3877 tempore
2819 3823 2928 3862 ωε-

901 3890 1092 3955 tivali,
1150 3887 1382 3960 quando
1443 3884 1782 3943 Conventus
1842 3892 2051 3953 coenat,
2114 3887 2399 3960 percipiet
2467 3905 2681 3961 panem
2752 3906 2928 3945 suum

850 3976 866 4002 ‘
903 3974 1257 4047 regularem,
1310 3974 1371 4027 et
1422 3975 1653 4026 tantum
1709 3969 1785 4026 de
1833 3970 2107 4027 carnibus
2158 3970 2317 4029 sicut
2363 3971 2480 4029 duo
2527 3973 2814 4039 monachi,
2866 3980 2931 4029 et

851 4062 867 4087 ‘
905 4059 1081 4124 ultra,
1130 4073 1308 4112 unam
1359 4053 1692 4126 pitanciam,
1733 4058 1796 4109 et
1842 4054 1976 4121 alia,
2020 4054 2175 4111 sicut
2218 4056 2442 4112 dictum
2487 4063 2581 4114 est
2632 4058 2924 4131 superius.

828 4145 867 4171 “
904 4142 1190 4214 Tempore
1240 4134 1520 4211 hyemali,
1566 4136 1800 4210 quando
1852 4138 2188 4197 Conventus
2229 4145 2458 4196 tantum
2506 4140 2692 4197 semel
2739 4142 2932 4198 reficit

828 4229 868 4255 “
904 4226 969 4282 in
1003 4225 1118 4291 die,
1157 4225 1222 4280 in
1258 4241 1425 4280 coena
1468 4221 1758 4294 percipiet
1803 4219 1948 4279 duos
1985 4239 2185 4295 panes,
2226 4224 2469 4291 scilicet,
2507 4243 2694 4281 unum
2717 4243 2930 4298 panem

828 4312 867 4338 ‘⁸
903 4309 1144 4382 majoris
1178 4306 1473 4380 ponderis,
1520 4312 1580 4362 et
1613 4305 1816 4374 alium,
1856 4306 2234 4375 siminellum,
2279 4311 2340 4364 et
2385 4307 2459 4363 de
2496 4309 2738 4366 cibariis
2774 4309 2934 4366 sicut

905 4394 1129 4450 dictum
1163 4396 1255 4450 est
1290 4388 1363 4448 de
1399 4408 1565 4449 coena
1616 4390 1681 4447 in
1713 4397 1978 4464 tempore
2034 4390 2303 4449 aestivali.
2378 4391 2493 4448 Die
2544 4393 2726 4450 etiam
2776 4410 2929 4466 proe·

906 4478 1081 4545 dictu,
1121 4480 1476 4534 memoratus
1510 4472 1711 4533 Abbas
1749 4476 1983 4533 ‘remisit
2017 4476 2357 4550 coquinario
2394 4477 2590 4534 omnia
2625 4478 2931 4550 arrei-agia

905 4568 967 4617 et
1003 4560 1198 4619 debita
1236 4562 1300 4617 in
1349 4562 1564 4633 quibus
1605 4561 1983 4633 coquinarius
2035 4566 2178 4618 tunc
2226 4562 2500 4627 existens,
2558 4570 2619 4619 et
2668 4570 2935 4620 anteces-

829 4647 869 4675 “
906 4662 1069 4701 sores
1105 4647 1218 4712 sui,
1256 4646 1619 4712 tenebantur,
1657 4662 1849 4718 usque
1895 4646 1973 4703 ad
2009 4644 2171 4702 diem
2206 4647 2707 4718 praenominatum.
2774 4648 2930 4704 Rur—

829 4733 869 4760 “
906 4744 1040 4787 sum
1080 4742 1225 4802 ergo
1276 4742 1451 4786 suum
1502 4730 1873 4787 Oonventum
1934 4731 1999 4787 in
2047 4731 2345 4788 beneficiis
2389 4732 2714 4805 respiciens
2769 4732 2928 4788 idem

830 4816 869 4843 ‘6

904 4819 1093 4887 pater,
1132 4813 1490 4886 cupiensque
1538 4814 1861 4874 bonitatem
1901 4821 1964 4872 et
2009 4816 2433 4888 gratitudinem
2482 4834 2720 4890 augere,
2759 4816 2930 4876 dedit
