3450 5717
633 1253 1039 1348 GESTA
1098 1253 1720 1348 ABBATUM
1783 1253 2589 1347 MONASTERII

1091 1404 1554 1497 SANCTI
1614 1405 2133 1532 ALBANI.

1315 1607 1567 1674 Sncrlo
1610 1609 1858 1686 Pnnu,

796 1773 868 1863 A
951 1773 1564 1865 MATTHAEO
1636 1772 2370 1885 PARISIENSI,

988 1938 1129 1993 PRO
1161 1938 1442 1993 MAJORI
1473 1938 1733 2000 PARTE,
1767 1938 2229 1992 CONSCRIPTA.

653 2291 671 2329 ¹
701 2293 865 2379 [Hie
906 2301 1360 2381 praenotantur
1404 2297 1673 2362 nomina
1702 2294 2047 2362 Abbatum
2079 2292 2384 2360 Eoclesiae
2429 2290 2657 2358 Sancti
2678 2307 3000 2362 homnium.

561 2394 858 2477 Albani3
921 2419 1199 2483 quorum
1263 2398 1533 2485 plurimi
1601 2398 1816 2463 multa
1876 2396 2209 2474 beneficia,
2274 2397 2348 2460 in
2414 2416 2659 2482 posses-

559 2499 873 2576 sionibuS,
916 2500 1374 2587 dignitatibus,
1436 2501 1636 2566 saeris
1681 2499 1875 2578 vasis,
1921 2504 1990 2567 et
2035 2498 2453 2575 ornamenti&
2513 2518 2662 2583 pro-

557 2600 720 2684 priis
766 2600 1101 2667 laboribus
1170 2603 1643 2692 adquisierunt,
1694 2623 1970 2668 necnon·
2013 2608 2082 2668 et
2148 2600 2458 2688 pleraque
2503 2599 2662 2664 aedj-

555 2702 704 2768 ficia
733 2711 1259 2772 construxerunt.
1354 2706 1639 2772 Proinde
1668 2727 1803 2772 non
1836 2705 2048 2771 solum
2092 2725 2320 2770 eorum
2375 2703 2662 2780 nomina,

555 2806 665 2870 sed
730 2808 875 2894 ipsa
947 2807 1284 2888 beneficia,
1344 2831 1460 2875 seu
1536 2809 1738 2875 etiam
1814 2809 2073 2886 damna,
2148 2807 2304 2872 huie
2378 2805 2665 2871 eeclesiae

554 2909 805 2988 collata,
881 2911 988 2976 vel
1077 2910 1282 2991 illata,
1358 2917 1683 2998 quantum
1772 2911 2249 2997 fidedignorum
2347 2908 2663 2973 veridico·

554 3032 830 3098 rumque
912 3013 1254 3092 relatione,
1328 3015 1471 3079 sive
1533 3018 1872 3100 gestorum
1949 3014 2341 3100 scriptorum
2409 3010 2663 3096 inspee-=

553 3114 751 3191 tione,
797 3115 1265 3182 indubitanter
1313 3114 1400 3180 ad
1452 3119 1749 3180 nostram
1793 3114 2107 3180 notitiam
2160 3113 2384 3200 potuit
2434 3134 2661 3199 perve-

554 3215 712 3294 nire,
788 3217 1034 3304 scripto
1126 3218 1583 3283 commendare
1678 3238 1825 3282 oum
1919 3216 2265 3302 diligentia
2342 3214 2664 3280 veraciter

553 3318 990 3400 desudamus3
1050 3342 1137 3385 ne
1205 3320 1467 3386 illorum
1531 3321 1706 3385 bona
1775 3341 1988 3406 opera,
2037 3318 2146 3384 vel
2207 3318 2410 3383 etiam
2471 3317 2662 3390 mala,

552 3419 797 3487 futuris
842 3423 1254 3510 temporibus
1300 3423 1620 3488 oblivioni
1686 3422 2059 3498 tradantur,
2121 3419 2457 3507 peritura3
2503 3442 2664 3505 qua-

554 3529 756 3588 tenus
818 3546 936 3611 per
979 3526 1122 3604 hoe,
1192 3547 1333 3591 non
1399 3524 1611 3590 solum
1674 3528 2030 3611 praesentes
2098 3522 2204 3588 vel
2290 3521 2498 3587 futuri
2578 3522 2663 3588 ad

554 3624 1097 3693 benefaciendum
1143 3628 1538 3706 excitentur,
1586 3627 1701 3692 sed
1734 3632 1805 3692 et
1849 3625 2139 3713 perversi
2184 3630 2434 3690 terrore
2480 3646 2662 3690 sean-

551 3728 850 3794 dalorum
909 3753 951 3795 a
1010 3729 1270 3796 damnis
1334 3734 1766 3796 coerceantur.
1875 3728 2008 3794 Sed
2073 3733 2143 3793 et
2210 3727 2269 3793 si
2334 3749 2467 3812 qua.
2534 3727 2663 3792 alia

550 3831 995 3911 ecclesiastiea,
1025 3832 1454 3910 saecularisve,
1498 3853 1795 3919 persona,
1839 3831 2112 3918 pietatis
2156 3829 2475 3896 beneficia
2488 3829 2646 3895 huic

547 3933 831 4001 eoelaeiae
877 3934 1175 4016 eontulit,
1222 3957 1358 4001 non
1400 3936 1610 4000 solum
1677 3934 1820 4020 ejus
1864 3954 2123 4009 nomen,
2169 3954 2401 3998 verum
2456 3933 2658 3998 etiam

548 4036 754 4123 ipsius
839 4038 1250 4118 beneficium,
1339 4043 1408 4104 et
1505 4037 1693 4124 cujus
1769 4036 2060 4103 Abbatis
2134 4042 2448 4123 tempore,
2524 4036 2665 4100 sine

546 4140 830 4205 stamine
875 4141 1189 4207 falsitatis
1231 4139 1257 4178 ²
1275 4141 1748 4229 perpetuetur]

615 4418 1097 4471 ¹'1'hinProoeminm
1118 4420 1165 4472 is
1186 4420 1343 4471 found
1381 4421 1435 4470 in
1469 4420 1554 4471 the
1721 4419 1822 4470 'In
1861 4420 1948 4470 the
1981 4419 2193 4485 margin,
2229 4421 2391 4469 above
2427 4418 2513 4470 the
2548 4426 2659 4470 text

548 4498 688 4548 older
753 4499 1106 4563 manuscripts,
1180 4500 1295 4551 MS.
1350 4498 1552 4552 Cotton.
1655 4500 1717 4549 of
1747 4498 1848 4549 this
1870 4498 2096 4558 Prefnee,
2135 4498 2187 4548 in
2210 4498 2323 4550 MS.
2346 4498 2482 4549 Nero
2505 4497 2570 4549 D.
2607 4496 2658 4559 i.‚

550 4577 686 4628 Nero
708 4577 775 4627 D.
816 4578 851 4627 i.
894 4581 996 4629 and
1018 4579 1132 4630 MS.
1159 4579 1426 4643 Spelman3
1461 4581 1555 4629 but
1655 4579 1739 4642 (aa
1782 4578 1906 4641 also,
1951 4577 2004 4627 in
2043 4576 2158 4629 MS.
2200 4577 2451 4642 Spdman,
2494 4592 2549 4627 as
2583 4592 2658 4626 we

548 4656 593 4705 is
631 4657 842 4709 omitted
874 4659 929 4708 in
951 4658 1064 4710 MS.
1085 4659 1288 4711 Cotton.
1315 4658 1556 4710 claudius
1653 4672 1741 4708 are
1786 4656 2036 4708 informed
2078 4658 2148 4722 by
2185 4656 2350 4719 wate,
2391 4656 2658 4720 Prqfatio,

549 4734 611 4786 E.
635 4734 702 4786 iv.
1652 4735 1738 4788 fol.
1765 4738 1871 4801 *2,)
1885 4736 1971 4787 the
1985 4735 2243 4802 following
2259 4734 2411 4796 Note,
2425 4750 2482 4786 aa
2503 4741 2557 4788 to
2571 4733 2658 4785 the

817 4869 853 4904 ἢ
