3450 5717
818 816 951 883 178
1571 825 1794 877 essm
1838 824 2163 877 assarum

539 1128 747 1248 Rssgffit’
819 1104 1046 1172 Abbas
1090 1103 1174 1171 cle
1203 1103 1388 1170 Buri
1431 1103 1696 1170 nititur
1741 1102 2193 1191 sapplantare
2222 1100 2551 1167 Abbatem
2595 1105 2926 1166 nostrum.

546 1264 739 1381 Amfion
909 1264 1137 1333 Abbas
1186 1289 1347 1333 vero
1391 1265 1622 1333 Sancti
1666 1264 2023 1346 Edmundi,
2074 1270 2111 1301 “
2134 1262 2337 1350 Hugo
2362 1258 2399 1289 '⁹
2429 1262 2715 1342 nomine,
2762 1281 2930 1347 prae-

519 1332 764 1451 11‘314‘35,
821 1366 1071 1435 dictum
1143 1367 1562 1435 Cardinalem
1623 1388 1981 1455 agnoscens
2039 1360 2350 1453 primam*
2385 1364 2606 1431 sedem
2673 1360 2930 1428 Abbati

485 1492 743 1582 ,rh-Bb
777 1538 800 1583 t
821 1470 1051 1537 Sancti
1094 1470 1344 1537 Albani
1402 1472 1783 1558 assignasse,
1843 1464 2053 1535 nimia
2102 1462 2383 1534 tristitia
2430 1467 2721 1546 affectuS,
2786 1469 2934 1530 tota

482 1599 542 1649 of
567 1549 711 1663 {ary
744 1548 775 1583 ⁰
819 1578 1014 1639 nocte
1042 1573 1218 1639 diem
1246 1573 1436 1638 illum
1480 1574 1905 1661 praecedente,
1938 1593 2069 1657 quo
2100 1566 2373 1637 Domini
2402 1564 2601 1657 Papae
2634 1567 2932 1635 Concilio

482 1665 681 1782 1511ῒῇἓὲ
702 1732 778 1782 in-
820 1676 1136 1743 interesse
1190 1676 1477 1757 deberet,
1553 1696 1706 1741 cum
1772 1674 1941 1754 aliis,
1996 1673 2280 1760 primam
2328 1672 2551 1738 sedem
2603 1694 2755 1737 cum
2798 1668 2934 1737 suis

482 1799 673 1863 trigues
696 1805 750 1848 to
821 1779 1308 1866 apparitoribus
1371 1777 1698 1864 arripuit:
1796 1798 2057 1842 necnon
2124 1782 2193 1841 et
2251 1775 2574 1841 famulum
2643 1775 2935 1842 Abbatis

483 1865 765 1985 ffistffi‘tlje
823 1879 1053 1946 Sancti
1097 1880 1348 1946 Albani
1411 1879 1497 1944 ab
1542 1879 1657 1944 illo
1725 1879 1870 1944 loco
1930 1878 2258 1944 violenter
2320 1878 2595 1964 expulit,
2657 1883 2932 1963 totoque

817 1978 1033 2050 noctis
1077 1984 1259 2048 illius
1289 1983 1532 2069 ‘spatio
1580 1998 1910 2068 nusquam
1972 1981 2296 2060 recedens,
2344 1981 2628 2068 pervigil
2674 1998 2935 2047 servare

817 2086 1092 2152 studuit.
1187 2084 1319 2150 Sed
1348 2089 1650 2150 metuens
1693 2105 1782 2149 ne
1827 2106 1870 2148 a
1899 2078 2190 2148 Domino
2222 2081 2419 2168 Papa,
2453 2104 2568 2149 seu
2612 2105 2655 2148 a
2700 2082 2933 2149 Cardi-

816 2188 1100 2266 nalibus,
1146 2187 1360 2274 prima
1411 2186 1595 2252 sedes
1642 2186 1789 2264 sibi,
1825 2185 1913 2250 ad
1961 2207 2155 2251 suum
2200 2185 2498 2266 dedecus,
2539 2185 2933 2263 auferretur,

817 2290 1167 2378 sexaginta
1195 2311 1446 2355 marcas
1489 2288 1769 2376 argenti,
1805 2286 2033 2374 (fratre
2066 2286 2392 2369 Hamone,
2425 2284 2759 2365 monacho,
2790 2286 2932 2352 loco

819 2390 1231 2480 fidejussoris,
1261 2390 1448 2470 inibi,
1498 2412 1839 2478 quousque
1884 2387 2331 2469 redderentur,
2364 2386 2682 2474 detent0,)
2715 2388 2932 2484 Curiae

819 2496 1135 2560 Romanae
1174 2516 1241 2560 se
1288 2494 1604 2571 daturum
1647 2491 2020 2580 spopondit.

485 2594 666 2679 Abbot
703 2666 715 2678 ‚
910 2596 1141 2662 Abbas
1169 2619 1326 2661 vero
1379 2594 1731 2674 Robertus,
1772 2590 1852 2660 ut
1898 2593 2227 2682 cognovit,
2280 2592 2501 2681 ipsum
2547 2594 2623 2659 in
2667 2615 2932 2660 causam

487 2666 757 2783 ἓῖξθέεςξι
822 2720 1057 2765 vocare
1110 2699 1374 2779 noluit3
1441 2699 1599 2784 quia
1643 2698 1793 2763 Rex
1842 2697 2123 2785 Angliae‚
2190 2694 2518 2763 Henricus
2571 2696 2933 2775 Secundus

487 2798 541 2848 in
555 2799 805 2880 essert-ing
827 2800 1131 2867 omnibus
1176 2798 1469 2887 praelatis
1515 2799 1589 2864 in
1636 2822 1841 2887 regno
1888 2822 2008 2865 suo
2054 2797 2469 2887 degentibus,
2514 2822 2599 2866 ne
2644 2798 2933 2887 aliquam

484 2865 804 2996 iggegrfffljg
829 2903 1161 2990 querelam
1206 2902 1287 2968 de
1333 2899 1629 2988 qualibet
1672 2924 1745 2967 re
1787 2901 1863 2966 in
1895 2900 2100 2968 Curia
2129 2902 2545 2988 deponerent,
2574 2900 2935 2967 interdixe-

485 2998 686 3065 Abbey.
824 3010 946 3072 rat.
1010 3004 1295 3070 Proinde
1318 3004 1543 3070 Abbas
1566 3000 1899 3070 Robertus
1927 3002 2203 3090 injurias
2231 3005 2365 3083 has,
2390 3004 2519 3069 sibi
2562 3009 2632 3070 et
2652 3002 2936 3070 ecclesiae

824 3129 961 3174 suae
1008 3107 1245 3186 illatas,
1298 3106 1765 3193 aequanimiter
1808 3104 2117 3188 tolerans,
2166 3106 2550 3172 libertatem
2600 3111 2669 3172 et
2716 3100 2933 3191 digni-

681 3262 691 3273 .
820 3216 1029 3276 tatem
1074 3200 1274 3297 quam
1307 3208 1788 3274 Monasterium
1835 3206 1967 3274 sibi
2015 3202 2436 3275 commissum
2485 3209 2568 3274 de
2610 3209 2734 3275 hac
2776 3230 2849 3273 re
2895 3230 2938 3273 a

823 3312 1005 3400 Papa
1052 3312 1354 3378 Adriano
1401 3309 1571 3377 ¹sibi
1613 3309 2015 3392 obtinuerat,
2072 3333 2327 3377 necnon
2372 3310 2764 3377 violentiam
2807 3310 2937 3398 ipsi

821 3414 907 3481 ab
957 3415 1227 3482 Abbate
1281 3410 1511 3481 Sancti
1557 3410 1899 3479 Edmundi
1965 3410 2240 3493 illatam,
2291 3412 2364 3478 in
2414 3412 2632 3492 Curia,
2681 3412 2935 3479 cunctis

819 3516 1219 3600 videntibus,
1252 3539 1469 3582 coram
1501 3512 1790 3582 Domino
1834 3514 2015 3603 Papa
2058 3516 2406 3603 exposuit3
2451 3514 2674 3602 sicque
2718 3516 2939 3603 ponti—

819 3616 1117 3685 ficalibus
1165 3617 1568 3684 ornamentis
1613 3616 1962 3683 redimitus
2014 3618 2220 3703 juxta
2267 3616 2548 3683 eundem
2601 3616 2937 3684 Abbatem

822 3720 1055 3788 Sancti
1103 3716 1469 3799 Edmundi,
1526 3742 1725 3807 supra
1772 3742 1999 3785 omnes
2045 3714 2227 3797 alios,
2279 3718 2562 3786 resedit:
2628 3742 2750 3786 nec
2792 3740 2940 3809 pro-

820 3818 954 3889 fuit
1026 3818 1240 3889 eidem
1306 3821 1563 3889 Abbati
1631 3823 1866 3890 Sancti
1940 3820 2281 3889 Edmundi
2350 3820 2753 3910 dignitatem
2832 3846 2938 3889 re-

820 3926 1036 4013 galem
1083 3924 1407 4011 Martyris
1474 3924 1684 4012 ipsius
1732 3925 2066 4012 allegasse.
2183 3925 2364 4006 Quot
2409 3947 2568 3992 vero
2614 3947 2935 4012 expensas

819 4028 892 4091 in
951 4028 1167 4094 eundo
1234 4032 1303 4092 et
1360 4027 1435 4091 in
1485 4025 1826 4092 redeundo
1898 4026 2291 4115 exposuerit,
2355 4032 2603 4114 quotve
2655 4050 2937 4094 munera

819 4130 1107 4196 Domino
1138 4130 1338 4216 Papae
1391 4133 1463 4193 et
1493 4126 1979 4209 Cardinalibus,
2015 4132 2084 4195 et
2112 4130 2262 4195 aliis
2306 4126 2381 4195 in
2414 4128 2634 4209 Curia,
2664 4131 2931 4196 munifi-

821 4233 1042 4298 centia
1082 4228 1344 4298 liberali
1374 4231 1747 4311 contulerit,
1777 4232 2167 4321 perlongum
2196 4232 2368 4298 foret
2398 4254 2720 4303 enarrare.

484 4345 766 4397 Confirma-
915 4336 1116 4401 Porro
1160 4334 1390 4400 Abbas
1439 4333 1775 4400 Robertus
1823 4335 2390 4401 confirmationem
2435 4330 2932 4424 compositionis

478 4412 756 4546 ξξίξῇξὲξβ
825 4458 974 4523 quse
1002 4437 1179 4503 facta
1221 4437 1440 4502 fuerat
1482 4436 1661 4502 inter
1690 4436 2216 4505 Lincolniensem
2247 4438 2646 4525 Episcopum
2690 4443 2760 4503 et
2790 4439 2932 4503 Mo-

479 4546 716 4598 obtained
731 4547 802 4613 by
823 4540 1188 4605 nasterium
1217 4538 1446 4607 Sancti
1473 4538 1742 4617 Albani,
1776 4541 1860 4605 de
1887 4540 2293 4627 subjectione
2321 4540 2616 4628 ejusdem
2642 4541 2931 4608 eeclesiae

1454 4741 1469 4773 ¹
1493 4740 1591 4792 sibi
1611 4742 1820 4793 omitted
1840 4742 1895 4792 in
1917 4742 2030 4794 MS.
2054 4742 2193 4811 Nero
2216 4743 2282 4793 D.
2306 4742 2338 4793 i.
