3450 5717
804 792 954 856 392·
1562 797 1778 852 ossrA
1799 754 1802 757 ¹
1821 797 2150 850 assumi

497 998 743 1115 Jogffilw
1125 996 1491 1086 Scriptmn
1530 994 2129 1084 oonfoedoratimvze
2163 1000 2580 1084 praenotatae.

530 1129 726 1193 Abbot,
877 1119 917 1146 “
940 1117 1250 1174 Universis
1300 1115 1526 1174 Christi
1569 1115 1845 1172 fidelibus
1895 1131 2157 1187 proesens
2195 1114 2499 1185 'scriptum
2533 1113 2777 1181 visuris,
2817 1115 2921 1171 vel

505 1196 732 1312 lssssnsso
807 1204 846 1229 “
885 1202 1195 1267 audituris,
1235 1199 1309 1256 de
1334 1199 1549 1257 Sancto
1582 1198 1831 1264 Albano,
1871 1196 1946 1255 de
1983 1196 2199 1255 Sancto
2221 1196 2552 1265 Edmundo,
2591 1198 2666 1255 de
2704 1198 2920 1255 Sancto

633 1291 668 1301 ..
735 1299 747 1313 ,
809 1287 849 1314 κ
1129 1285 1142 1299 .
1866 1280 1880 1295 .
2648 1281 2662 1295 .
2842 1282 2855 1294 .

470 1354 733 1458 ,gs-2,
811 1373 851 1398 ..
885 1286 1257 1436 swa
1281 1279 2674 1430 gamm-:222ffflfflsassz
2702 1288 2923 1439 52:223:

472 1469 625 1511 εει-ωε
647 1460 706 1510 of
814 1458 854 1485 “
890 1461 1136 1512 ternam.
1206 1454 1323 1510 Ille
1357 1453 1608 1511 callidus
1646 1451 2072 1525 supplantator,
2098 1450 2487 1533 calumniator
2521 1452 2779 1523 iniquus,
2817 1452 2923 1524 qui

471 1527 558 1577 ΨΘ
580 1541 696 1576 0⁰¹²·
816 1541 857 1567 “
895 1558 1011 1596 non
1056 1539 1308 1595 miratur
1354 1537 1409 1593 si
1453 1537 1675 1592 flumen
1714 1534 2042 1601 absorbeat,
2091 1533 2211 1589 nisi
2256 1534 2404 1591 fluat
2427 1534 2469 1591 J
2469 1535 2723 1591 ordanus
2758 1535 2822 1591 in
2856 1554 2924 1591 os

477 1593 709 1709 ξῗιξζζῖ
733 1605 789 1641 ⁵⁰
819 1627 858 1653 “
897 1625 1044 1695 ejus,
1073 1623 1261 1681 servis
1297 1622 1430 1688 Dei,
1459 1638 1576 1692 quo
1611 1618 1977 1691 probabilius
2014 1623 2172 1675 stare
2210 1617 2504 1685 videntur,
2543 1637 2614 1675 eo
2650 1619 2924 1675 fortiores

467 1723 594 1776 into,
823 1709 864 1736 “
899 1709 1065 1779 ponit
1115 1704 1396 1772 insidias;
1458 1704 1582 1760 illis
1628 1701 1858 1775 jaciens
1903 1700 2142 1774 pedicas
2188 1701 2252 1756 in
2297 1707 2622 1773 capturam,
2675 1709 2753 1768 et,
2795 1703 2926 1776 paci

474 1791 777 1841 A.D.1253.
818 1792 857 1819 “
892 1809 1097 1847 eorum
1133 1787 1422 1855 invidens,
1456 1804 1526 1845 ac
1563 1785 1771 1858 quieti,
1797 1784 2163 1842 adversarios
2200 1784 2322 1840 illis
2358 1786 2619 1857 undique
2656 1787 2923 1850 suscitat,

820 1876 862 1903 “
899 1879 960 1930 et
998 1872 1105 1930 ubi
1144 1890 1251 1944 per
1293 1888 1359 1928 se
1404 1888 1520 1926 non
1559 1868 1793 1935 sufficit,
1832 1885 1941 1941 per
1985 1868 2252 1924 membra
2298 1868 2413 1925 sibi
2449 1869 2703 1934 subdita,
2742 1870 2923 1942 ipsos,

819 1959 860 1987 ‘⁰
897 1963 968 2013 ut
1001 1955 1176 2014 solita
1213 1955 1279 2011 in
1325 1953 1413 2010 eis
1450 1957 1715 2026 tepescat
1767 1950 2021 2018 devotio,
2064 1950 2258 2008 modis
2294 1952 2565 2008 omnibus
2612 1952 2923 2024 inquietat.

821 2043 861 2071 ‘⁸
897 2039 1068 2097 Unde
1102 2038 1222 2095 nisi
1255 2036 1444 2111 ipsius
1478 2034 1721 2093 malitiae
1764 2033 1961 2090 aditus
2002 2034 2366 2105 malignandi
2401 2036 2579 2092 citius
2611 2035 2923 2101 adimatur,

822 2125 862 2153 “
900 2141 1016 2180 non
1038 2121 1164 2179 sine
1189 2119 1463 2178 scandalo
1488 2125 1550 2176 et
1571 2116 1747 2191 gravi
1767 2116 2031 2190 periculo
2056 2117 2406 2184 animarum,
2432 2117 2928 2174 Monasteriorum

824 2208 865 2236 “
901 2206 1178 2280 peribunt
1209 2203 1369 2277 jura,
1421 2208 1483 2259 et
1528 2207 1808 2258 corruent
1852 2200 2193 2268 libertates,
2177 2221 2191 2237 ·
2256 2205 2318 2257 et
2353 2200 2470 2257 erit
2508 2202 2929 2274 patrimonium

821 2292 861 2321 “
900 2289 1183 2346 Cruciflxi
1230 2288 1295 2343 in
1341 2284 1738 2358 direptionem
1777 2283 1897 2339 hiis
1955 2283 2060 2353 qui
2108 2282 2305 2355 ipsum
2352 2285 2416 2339 in
2462 2285 2589 2340 suis
2635 2285 2923 2340 membris

823 2376 864 2403 “
901 2373 1110 2429 diebus
1145 2368 1399 2442 singulis
1434 2367 1783 2439 crucifigere
1822 2383 1940 2423 non
1962 2372 2263 2424 verentur.
2335 2367 2422 2424 Ut
2457 2368 2650 2440 igitur
2685 2368 2928 2440 speciali

822 2459 863 2487 ⁶·
901 2474 1024 2528 pras
1047 2454 1276 2512 caeteris
1298 2453 1575 2509 libertate
1611 2449 1811 2508 donati
1845 2467 1953 2522 per
1975 2455 2248 2506 mutuam
2281 2449 2685 2507 defensionem
2708 2450 2932 2522 specia-

824 2543 863 2570 “
899 2541 1040 2596 liter
1064 2536 1445 2611 gaudeamus,
1474 2541 1535 2592 et
1556 2533 1792 2591 insidiis
1829 2531 2272 2590 ascendentium
2297 2551 2369 2588 ex
2392 2533 2641 2591 adverso
2665 2534 2930 2590 securius

825 2627 866 2652 “
903 2623 1229 2687 obviemus,
1267 2635 1508 2675 necesse
1544 2622 1641 2675 est·
1671 2622 1741 2673 ut
1772 2615 2020 2689 proinde
2059 2614 2415 2672 defensionis
2452 2617 2660 2689 clypeo
2695 2616 2927 2682 muniti,

823 2709 862 2737 “
901 2724 970 2763 ac
1022 2704 1221 2761 mutui
1269 2701 1511 2758 foederis
1560 2699 1792 2758 astricti
1837 2699 2095 2765 vinculo,
2149 2699 2213 2754 ιιι
2264 2699 2593 2756 visceribus
2644 2700 2926 2767 caritatis,

824 2791 866 2817 “
904 2787 1046 2843 dum
1095 2785 1316 2858 singuli
1351 2802 1458 2857 per
1492 2802 1599 2840 nos
1653 2783 1852 2840 minus
1891 2783 2231 2849 sufficimus,
2271 2783 2454 2839 simul
2499 2800 2702 2840 omnes
2740 2783 2930 2839 effecti

827 2871 867 2900 “
902 2888 1022 2925 una
1055 2869 1251 2924 anima
1287 2872 1348 2923 et
1381 2883 1483 2923 cor
1531 2883 1737 2933 unum,
1778 2865 2035 2922 viriliter
2069 2864 2418 2932 resistendo,
2458 2868 2686 2922 cunctis
2722 2866 2933 2921 efficia-

826 2954 867 2982 “
902 2971 1037 3009 mus
1057 2950 1327 3007 hostibus
1351 2948 1664 3016 fortiores,
1702 2965 1796 3014 ne,
1824 2949 1983 3020 quod
2010 2949 2181 3015 absit,
2204 2949 2413 3006 diebus
2435 2951 2675 3016 nostris,
2703 2949 2929 3015 domus,

827 3037 869 3066 ‘⁸
907 3052 1083 3108 quam
1118 3051 1297 3106 supra
1329 3038 1559 3106 petram
1592 3031 1865 3091 fundavit
1896 3031 2263 3099 Altissimus,
2303 3032 2368 3088 ιιι
2401 3033 2604 3106 aliqua
2638 3032 2734 3089 sui
2767 3036 2934 3107 parte

829 3121 869 3148 ‘⁴
908 3117 1162 3190 alicujus
1198 3115 1577 3173 adversitatis
1613 3132 1902 3172 concussa
1935 3115 2192 3182 turbine,
2234 3116 2534 3183 violetur;
2573 3115 2682 3172 sed
2718 3116 2934 3188 potius,

825 3205 866 3232 “
903 3200 1182 3273 congruis
1245 3204 1573 3257 sustentata
1615 3198 1919 3265 remediis,
1977 3215 2085 3255 suo
2127 3199 2266 3271 jure
2315 3198 2592 3271 gaudeat,
2642 3217 2778 3256 cum
2827 3200 2933 3256 tri-

831 3287 872 3315 “
909 3285 1150 3356 umpho.
1239 3282 1321 3339 Et
1361 3282 1504 3353 quia
1541 3282 1771 3338 vexatis
1816 3283 2049 3338 vexatio
2085 3282 2301 3339 tribuit
2334 3281 2720 3350 intellectum,
2759 3300 2935 3355 nego-

832 3371 873 3398 “
910 3370 1134 3426 tiorum
1184 3366 1446 3423 stimulis
1502 3364 1715 3422 totiens
1783 3364 2046 3437 impulsi,
2099 3363 2175 3420 de
2227 3367 2582 3423 necessitate
2650 3367 2936 3424 virtutem

834 3454 874 3481 “
912 3450 1186 3516 facimus,
1230 3448 1452 3505 certius
1495 3446 1708 3513 edocti,
1750 3452 1823 3503 ut
1844 3453 2048 3504 nostra
2070 3447 2328 3507 invicem
2362 3465 2542 3506 onera
2574 3449 2935 3521 pax-timum

833 3536 873 3564 “
913 3532 1054 3606 quia
1106 3531 1266 3605 quod
1300 3549 1337 3587 a
1368 3530 1574 3587 multis
1611 3529 1822 3596 fertur,
1861 3530 2056 3587 levius
2109 3532 2456 3588 sustinetur.
2557 3531 2755 3601 Quare
2791 3532 2938 3588 deli-

834 3620 873 3646 “
911 3613 1211 3672 beratione
1257 3613 1507 3687 provida
1557 3612 1832 3669 duximus
1884 3612 2280 3680 statuendum,
2332 3619 2404 3670 ut
2449 3612 2527 3670 ad
2569 3632 2939 3670 communem

835 3704 875 3729 “
913 3698 1175 3756 omnium
1225 3702 1496 3754 nostrum
1549 3696 1966 3762 defensionem,
2019 3696 2085 3752 in
2134 3697 2360 3754 mutuis
2414 3698 2937 3755 confoederationis

837 3786 876 3812 “
913 3781 1168 3840 vinculis
1228 3781 1582 3854 obligemur.
1693 3778 1881 3851 Cujus
1942 3778 2321 3853 obligationis
2379 3781 2632 3837 formam
2681 3798 2937 3853 pressen-

838 3870 877 3897 “
914 3867 1076 3924 tibus
1128 3864 1403 3920 duximus
1441 3862 1833 3928 inserendam,
1884 3861 2183 3928 videlicet,
2226 3881 2362 3919 cum
2411 3863 2655 3936 aliquod
2687 3864 2937 3920 arduum

839 3953 878 3981 ‘⁴
915 3949 1220 4023 negotium
1287 3949 1350 4003 in
1409 3947 1609 4018 aliquo
1685 3946 1980 4003 dictorum
2036 3945 2534 4004 Monasteriorum
2606 3949 2934 4013 emerserit,

839 4037 878 4063 ‘¹
918 4032 1076 4106 quod
1128 4032 1255 4088 sine
1308 4030 1540 4102 magnis
1586 4029 1889 4086 laboribus
1925 4034 1989 4087 et
2036 4030 2309 4102 expensis
2356 4037 2612 4104 nequeat
2657 4032 2937 4104 expediri,

839 4120 881 4148 “
917 4116 984 4173 id
1021 4113 1292 4171 Praelatis
1327 4118 1390 4169 et
1424 4112 1823 4169 Conventibus
1868 4111 2366 4169 Monasteriorum
2402 4132 2536 4184 quae
2571 4114 2682 4170 sub
2718 4113 2941 4186 obliga-

841 4201 883 4230 “
918 4201 1078 4257 tione
1111 4197 1230 4254 ista
1265 4194 1653 4263 continentur,
1689 4195 1868 4253 citius
1899 4195 2225 4261 intimetur,
2248 4200 2320 4252 ut
2352 4195 2429 4252 ad
2460 4197 2659 4252 locum
2692 4203 2941 4264 certum,

843 4286 883 4313 ‘⁸
922 4283 1266 4355 deputatum
1329 4297 1436 4352 per
1498 4285 1909 4353 procuratores
1957 4278 2218 4346 idoneos,
2259 4279 2438 4336 simul
2487 4296 2691 4337 omnes
2739 4298 2948 4337 conve-

845 4368 885 4395 “
920 4365 1104 4432 niant,
1133 4381 1311 4435 super
1335 4363 1492 4419 dicto
1527 4363 1766 4435 negotio
1789 4363 2121 4427 uastaturi,
2150 4367 2212 4418 et
2244 4379 2353 4434 pro
2375 4363 2602 4436 negotii
2639 4364 2945 4435 qualitate,

847 4451 887 4478 “
924 4449 1048 4505 acsi
1098 4447 1353 4520 singulis
1403 4447 1774 4519 contingeret
1819 4447 2146 4519 negotium,
2209 4446 2523 4502 consilium
2582 4446 2826 4518 pariter,
2888 4456 2952 4504 et

848 4533 889 4561 “
925 4530 1226 4596 auxilium,
1262 4547 1370 4603 per
1407 4548 1472 4586 se
1513 4535 1577 4586 et
1611 4546 1749 4586 suos
1785 4529 2040 4586 fideliter
2073 4528 2400 4602 impensuri
2411 4551 2432 4595 ς
2470 4529 2630 4601 quod
2663 4530 2719 4586 si
2752 4533 2949 4588 vexati

845 4617 888 4644 “
924 4612 1002 4670 ad
1023 4631 1191 4669 suam
1226 4612 1656 4678 defensionem,
1674 4613 1897 4685 absque
1931 4613 2028 4669 sui
2060 4613 2408 4670 Monasterii
2442 4612 2682 4671 laesione
2701 4615 2948 4681 enormi,

848 4700 889 4728 ‘⁴
925 4714 1033 4770 per
1068 4713 1134 4753 se
1177 4713 1296 4753 non
1331 4696 1638 4764 sufficiant,
1688 4714 1796 4769 per
1830 4713 2199 4754 communem
2235 4696 2745 4766 contributionem,
2779 4699 2952 4772 juxta
