3450 5717
1113 812 1530 864 MONASTERII
1576 813 1822 863 SANCTI
1868 813 2141 863 ALBANI.
2548 804 2667 865 lll

573 1018 721 1063 rum
765 995 1004 1063 studiis
1042 995 1338 1063 animum
1390 996 1773 1083 propensius
1819 996 2143 1073 adhibuit,
2188 1001 2257 1063 et
2301 1001 2437 1063 tam
2485 1018 2674 1061 mun·
2754 995 2960 1059 Robore

570 1099 746 1165 dana
796 1122 995 1187 quam
1043 1096 1375 1186 spirituali
1425 1098 1754 1165 industria
1798 1100 2180 1167 coruscavit.
2767 1063 2957 1191 2332,

664 1202 797 1269 Hic
825 1225 1087 1292 quoque
1135 1202 1467 1271 Robertus
1507 1201 1739 1269 Abbas
1784 1201 2090 1270 habitum
2125 1202 2557 1268 monasticum
2602 1202 2673 1266 in
2788 1198 2925 1249 ΑΒ·
2934 1224 3008 1335 49

574 1306 874 1393 partibus
933 1311 1302 1393 susceperat
1385 1303 1406 1342 ¹
1428 1305 1901 1374 transmarinis.
2039 1305 2338 1392 Cumque
2411 1305 2674 1371 audiret
2738 1268 2930 1375 υἷι-’.6

575 1410 751 1494 quod
812 1408 1178 1477 avunculus
1243 1430 1401 1475 suus
1480 1408 1554 1473 in
1623 1408 1960 1475 Abbatem
2031 1410 2105 1475 in
2170 1409 2384 1475 Domo
2447 1408 2675 1473 Sancti
2698 1397 2993 1475 Normanfly

575 1510 816 1577 Albani
905 1511 1392 1589 sublimaretur,
1470 1510 1869 1577 desideravit
1950 1511 2183 1599 ipsum,
2261 1518 2332 1578 et
2407 1511 2674 1576 domum
2699 1463 3015 1618 assffi'

575 1614 795 1700 ipsius,
846 1613 1085 1681 videre.
1207 1612 1432 1680 Petita
1477 1613 1702 1700 igitur,
1768 1618 1838 1678 et
1914 1614 2207 1692 obtenta,
2277 1613 2544 1681 licentia
2589 1612 2673 1679 ab
2700 1621 2875 1672 Abbot

576 1716 841 1783 abbate
889 1736 1027 1795 mo,
1077 1715 1295 1802 gratia
1341 1714 1602 1782 visendi
1655 1720 1925 1783 tamum
1985 1717 2268 1785 amicum
2328 1717 2401 1781 in
2457 1719 2677 1802 partes
2702 1688 2954 1821 ξνῗΐθῖ·

574 1820 762 1885 vena
826 1818 1243 1906 Anglioenas.
1367 1818 1694 1905 Receptus
1753 1818 1963 1907 igitur
2033 1819 2118 1885 ab
2178 1818 2444 1885 Abbate
2498 1817 2675 1885 cau-
2699 1787 2929 1888 monkeiss
2952 1853 2985 1891 a

575 1921 760 2000 frido,
842 1926 913 1988 et
976 1944 1020 1986 a
1086 1921 1237 1998 suis,
1313 1942 1464 1986 cum
1535 1921 1716 1986 omni
1797 1922 2241 2002 veneratione,
2324 1928 2673 2008 postquam
2697 1906 2963 2036 {ssffffuhe

576 2024 835 2090 viderat
885 2024 956 2088 in
1021 2023 1237 2090 Domo
1298 2022 1526 2090 Sancti
1609 2022 1860 2089 Albani
1927 2025 2426 2091 conventualem
2483 2022 2671 2089 disci·
2698 2039 2840 2089 visits
2859 2010 2935 2090 'St.

574 2126 825 2214 plinam
891 2148 1008 2214 per
1082 2125 1303 2193 omnia
1370 2125 1970 2205 commendabilem,
2028 2127 2309 2214 rigorem
2386 2125 2674 2205 Ordinis,
2697 2106 2985 2223 fflfflssrs

576 2251 834 2296 morum
900 2228 1409 2309 observantiam,
1484 2229 1964 2314 possessionum
2039 2228 2435 2309 libertatem,
2504 2249 2675 2294 com-
2698 2239 2808 2291 that
2830 2238 2999 2291 house.

576 2332 827 2420 placuit
876 2331 939 2397 ei
1008 2332 1084 2396 in
1129 2331 1357 2397 eadem
1411 2330 1607 2397 domo
1655 2332 1923 2397 omnino
1971 2332 2371 2410 commorari,
2424 2332 2497 2396 in
2548 2330 2676 2396 fra-

577 2440 748 2501 trem
797 2438 1155 2521 susceptus,
1196 2440 1267 2501 et
1316 2433 1694 2500 Conventui
1744 2439 2233 2502 annumeratus.
2329 2433 2474 2510 Cui,
2516 2432 2681 2499 talia

575 2537 970 2624 proponenti
1054 2541 1125 2602 et
1200 2536 1473 2623 petenti,
1569 2536 1912 2622 respondit
1993 2536 2224 2603 Abbas
2300 2536 2675 2618 Gaufridus,

577 2640 826 2706 addens
869 2642 1342 2727 juramentum,
1391 2638 1567 2725 quod
1617 2660 1961 2726 nunquam
2032 2639 2105 2705 in
2156 2661 2276 2706 sua
2330 2641 2542 2718 domo,
2603 2639 2674 2703 in
2701 2647 2846 2699 With
2867 2649 2964 2700 dif-

578 2741 853 2808 fratrem
879 2746 1238 2829 susceptus,
1272 2746 1803 2819 commoraretur,
1841 2741 1970 2807 nisi
2006 2741 2249 2808 litteris
2284 2743 2371 2809 ab
2410 2741 2675 2807 Abbate
2700 2715 2897 2833 ξξὲἷζζ
2916 2716 2980 2767 ¹²⁸

577 2868 696 2911 suo
747 2845 1303 2912 commendatitiis
1352 2866 1427 2910 ac
1477 2844 1865 2911 dimissoriis
1912 2844 2221 2932 primitus
2282 2845 2671 2933 impetratis,
2702 2850 2873 2930 lettqrs

580 2949 728 3028 Quo
778 2949 1027 3027 audito,
1080 2948 1299 3014 dictus
1346 2948 1704 3013 monachus
1768 2947 2099 3014 Robertus
2163 2948 2429 3013 domum
2490 2970 2675 3013 suam
2700 2916 2971 3035 mv

577 3050 760 3129 adiit,
810 3055 880 3117 et
926 3048 1287 3116 secundum
1338 3049 1747 3136 propositum
1811 3070 2003 3113 suum
2062 3050 2319 3115 litteras
2385 3051 2679 3116 dimisso-
2700 3050 2886 3100 former

577 3154 727 3234 rias,
777 3153 1028 3219 Abbati
1081 3151 1402 3219 cauffido
1449 3151 1847 3231 deferendas,
1901 3152 1988 3219 ab
2040 3153 2306 3219 Abbate
2353 3175 2488 3233 suo,
2527 3154 2681 3218 lieet
2705 3118 2879 3181 Μ’·

579 3255 946 3337 difficulter,
993 3255 1404 3343 impetravit.

667 3358 938 3425 Extunc
1008 3358 1237 3447 igitur,
1318 3356 1407 3423 ad
1458 3356 1851 3444 petitionem
1902 3355 2190 3423 Abbatis
2243 3356 2565 3439 Gaufridi,
2609 3364 2679 3426 et

579 3462 966 3528 instantiam
1025 3461 1232 3548 ipsius
1299 3459 1607 3527 monachi
1666 3459 1964 3541 Roberti,
2023 3459 2099 3524 in
2156 3460 2549 3528 monachum
2611 3468 2679 3527 et

581 3565 852 3630 fiatrem
884 3561 1192 3633 Ecclesiae
1244 3562 1471 3629 Sancti
1514 3561 1764 3628 Albani
1806 3566 2149 3650 gratanter
2192 3567 2294 3630 est
2322 3569 2676 3651 susceptus.

581 3668 816 3733 Postea
844 3687 1019 3744 vere,
1037 3666 1112 3731 in
1141 3664 1433 3732 Ecclesia
1461 3662 1693 3731 Sancti
1723 3663 1986 3747 Albani,
2018 3662 2366 3732 Secretarii
2395 3667 2680 3754 suscepit
2702 3684 2894 3735 Robert

579 3769 1263 3853 administrationem3
1307 3767 1380 3833 in
1410 3789 1540 3855 quo
1573 3766 1785 3834 officio
1815 3768 1896 3835 de
1941 3767 2113 3835 bono
2147 3768 2221 3832 in
2261 3768 2495 3835 melius
2535 3791 2679 3857 pro-
2701 3753 2934 3803 become·

577 3873 883 3953 ficiscenS,
938 3870 1273 3938 ecclesiam
1333 3891 1453 3957 pro
1511 3870 1751 3956 majori
1807 3875 1996 3958 parte
2054 3870 2324 3958 plumbo
2376 3871 2681 3939 decenter
2704 3819 2964 3939 W

578 3975 929 4062 cooperuit.
1038 3973 1295 4040 Deinde
1341 3972 1670 4059 aliquanti
1714 3972 2029 4061 temporis
2074 3973 2290 4061 elapso
2343 3974 2679 4053 curricu10‚
2703 3952 2967 4090 2¹:1³3&

575 4078 809 4144 diebus
851 4078 1043 4143 bonae
1087 4075 1416 4142 memoriae
1461 4074 1819 4163 Radulphi,
1850 4074 2134 4143 Abbatis
2177 4078 2676 4164 praememorati,
2700 4103 2866 4158 Prior.

578 4181 705 4247 rite
763 4180 839 4245 in
897 4179 1190 4245 Priorem
1247 4182 1352 4243 est
1414 4176 1674 4256 electus,
1725 4182 1808 4243 ut
1864 4177 2254 4265 praedictum
2316 4185 2430 4247 est.
2523 4180 2676 4263 Qui,

576 4282 836 4350 duobus
863 4280 998 4349 fere
1027 4280 1219 4346 annis
1247 4279 1322 4345 in
1354 4278 1661 4347 Prioratu
1689 4280 2059 4363 transactis,
2093 4279 2369 4368 praefato
2408 4281 2675 4350 Abbate

578 4387 868 4467 cedente,
919 4388 990 4450 et
1047 4405 1385 4462 cameram,
1436 4404 1636 4469 quam
1683 4382 1813 4448 sibi
1873 4382 1998 4448 sub
2058 4382 2429 4451 Refectorio
2485 4407 2676 4474 para·

579 4494 787 4567 verat,
825 4489 1137 4568 intrante,
1192 4485 1492 4551 unanimi
1541 4484 1890 4551 voluntate
1935 4485 2008 4550 in
2035 4484 2371 4553 Abbatem
2433 4488 2675 4555 electus

863 4745 878 4778 ¹
904 4746 1193 4796 nmis
1225 4742 1280 4794 in
1312 4742 1427 4795 MS.
1462 4740 1703 4794 Claudius
1723 4740 1786 4792 E.
1810 4739 1894 4801 iv„
1914 4741 1986 4806 by
2006 4740 2368 4794 inadvertence.
