3450 5717
1124 850 1549 902 momsmn
1594 849 1843 901 simon
1888 848 2169 900 ALBAM.
2618 837 2700 900 21

583 1076 689 1143 De
743 1075 1114 1164 primitiva
1176 1075 1606 1163 fundatione
1686 1075 1975 1162 Oapelloe
2036 1075 2281 1142 Sancti
2345 1075 2684 1142 Germani
2760 1080 3004 1142 Eadfi-ith,

743 1179 879 1266 per
933 1177 1249 1267 (sapham,
1290 1178 1612 1246 Priorem
1653 1177 1896 1246 sama
1933 1178 2198 1244 Albani
2217 1203 2245 1258 ,·
2307 1185 2371 1245 ιι
2417 1178 2500 1245 de
2546 1178 2700 1245 lau,-
2730 1147 3032 1254 ΜΞΝ

758 1281 982 1453 wli
1010 1280 1182 1369 fine,
1212 1288 1359 1350 tam
1376 1279 1706 1370 ejusdem,
1737 1302 1954 1370 quam
1982 1279 2268 1348 Abbatie
2313 1280 2694 1362 numerati,

913 1407 1036 1452 em.

669 1547 688 1586 ¹
704 1549 1183 1616 Habitaculum
1228 1549 1408 1618 enim
1451 1548 1640 1627 illud,
1688 1549 1766 1614 in
1810 1571 1939 1636 quo
1984 1549 2164 1615 idem
2195 1549 2482 1616 Sanctus
2530 1551 2691 1617 Ger·
2719 1563 2997 1686 {agl-5523

580 1675 833 1734 manus,
895 1658 1248 1741 postquam
1322 1656 1721 1719 veneranter
1782 1673 2017 1742 corpus
2077 1653 2307 1718 Sancti
2369 1653 2694 1740 Martyris
2718 1697 2905 1750 former

580 1755 661 1822 de
713 1760 892 1822 terra
940 1756 1300 1839 levaverat,
1349 1777 1603 1822 moram
1654 1754 1813 1821 fecit
1859 1754 2240 1841 aliquande,
2284 1755 2549 1835 scilicet,
2617 1757 2691 1822 in
2718 1766 2878 1816 abode
2900 1766 2958 1817 of

578 1858 874 1925 convalle
939 1866 1260 1946 pomoerii,
1337 1857 1455 1924 ubi
1529 1856 1816 1945 paludes¹
1864 1861 1935 1922 et
1993 1858 2350 1923 arundines
2426 1858 2690 1945 capacia
2714 1831 2985 1958 Ξζῃῖῗζι

462 2043 471 2056 .
572 1960 715 2027 loca
773 1962 1067 2028 reddunt
1125 1962 1152 2000 ²
1169 1959 1654 2042 inhabitabilia,
1708 1959 2096 2047 ignobiliter
2145 1960 2363 2045 jacuit
2422 1961 2687 2028 derelic-
2713 1964 2786 2016 St
2804 1965 3035 2022 Albtn's·

580 2070 767 2145 tum;
819 2070 890 2131 et
934 2064 1215 2131 aedificia
1243 2064 1470 2130 diruta
1512 2063 1635 2129 vix
1677 2062 1967 2150 vestigia
2011 2064 2344 2131 memoriae
2387 2065 2689 2152 praedicti

581 2166 809 2233 Sancti
848 2168 1285 2253 reliquerunt.

670 2270 1068 2336 Constructa
1139 2270 1367 2357 igitur,
1440 2275 1522 2335 ut
1595 2269 1990 2356 praedictum
2049 2273 2171 2348 est,
2237 2269 2525 2352 basilica,
2603 2293 2692 2339 ex
2716 2290 2905 2353 wala,
2927 2309 2960 2344 a

578 2371 849 2438 licentia
888 2371 1192 2449 Abbatis,
1247 2371 1518 2459 quidam
1566 2369 1817 2436 ibidem
1861 2368 1889 2408 ⁸
1905 2370 2260 2437 monachus
2306 2372 2691 2456 claustralia,
2715 2357 3012 2479 gtffiiffid

583 2474 845 2541 eximiae
871 2472 1250 2540 sanctitatis
1278 2475 1400 2553 vir,
1449 2473 1666 2539 vitam
1708 2472 1908 2561 longo
1954 2478 2249 2560 tempore
2280 2473 2478 2541 duxit
2506 2476 2690 2542 here·
2716 2505 2772 2542 aa
2793 2506 2826 2542 a
2846 2491 2959 2543 her-
3013 2465 3030 2490 '

582 2576 892 2659 maiam,
937 2577 1165 2643 hortos
1210 2576 1434 2655 comit,
1481 2575 1724 2652 herbis,
1754 2581 1824 2641 et
1871 2575 2336 2662 leguminibus,
2382 2581 2454 2643 et
2498 2601 2689 2667 aqua,
2713 2558 3020 2692 gssfgwissyflg}

578 2678 654 2743 in
699 2680 1109 2746 abstinentia
1168 2678 1476 2759 mirabili,
1540 2682 1610 2744 et
1668 2678 2082 2743 orationibus
2139 2678 2686 2766 infatigabilibus,
2715 2689 2788 2741 St.
2815 2691 2942 2743 Ger-

578 2781 871 2848 deduxit.
971 2781 1222 2847 Meruit
1280 2781 1508 2870 igitur,
1567 2802 1686 2868 pro
1748 2780 2107 2846 sanctitate
2166 2781 2481 2869 praeclara
2555 2805 2689 2870 qua
2712 2772 2906 2811 manus.

576 2885 819 2964 floruit,
881 2884 1251 2950 virtutibus
1323 2882 1556 2949 multis
1628 2882 1982 2970 insigniri:
2076 2889 2408 2951 venerunt
2483 2886 2684 2952 etiam

577 2991 904 3079 Episcopi,
948 2996 1020 3058 et
1061 3012 1297 3078 graves
1324 2990 1471 3068 viri,
1504 2994 1644 3055 tam
1687 2989 1841 3054 laici
1885 2996 1955 3056 et
1996 2989 2356 3071 saeculares,
2385 2992 2472 3057 ad
2515 3014 2683 3070 eum,

572 3099 652 3161 ut
708 3116 830 3183 per
888 3093 1356 3160 confessionem
1415 3096 1828 3159 mererentur
1888 3113 1932 3157 a
1987 3094 2271 3180 peccatis
2317 3094 2524 3161 variis
2571 3117 2685 3162 ex-

573 3196 760 3283 piari,
808 3201 879 3263 et
923 3194 1339 3262 orationibus
1368 3194 1577 3283 ipsius
1622 3193 2080 3261 commendari.

666 3298 823 3378 Iste,
886 3295 1152 3364 ⁴Wulfa
1212 3297 1498 3376 nomine,
1577 3296 1800 3363 Dacus
1858 3297 2147 3377 natione,
2221 3298 2478 3365 Abbati
2536 3322 2688 3367 con·
2710 3315 2886 3369 Wulfn
2907 3320 2949 3371 is

573 3402 985 3489 sanguineus,
1042 3404 1394 3488 postquam
1454 3405 1757 3486 tempora
1813 3399 1976 3465 vitae
2052 3421 2189 3466 suae
2263 3399 2687 3469 laudabiliter
2709 3384 2894 3517 ἓξὲξ
2914 3455 3001 3507 the

575 3507 1159 3584 consummaverat,
1206 3502 1291 3568 ob
1335 3502 1774 3568 reverentiam
1820 3501 2149 3569 virtutum
2194 3524 2479 3586 suarum,
2532 3527 2681 3572 cum
2708 3519 2925 3571 Abbooe.

572 3606 950 3672 Abbatibus
993 3605 1242 3671 meruit
1283 3604 1527 3672 habere
1571 3609 1967 3671 veneranter
2008 3605 2433 3693 sepulturam.
2523 3608 2682 3676 Post
2703 3599 2903 3717 ff}
2981 3659 2992 3668 .

573 3711 714 3798 ejus
771 3732 930 3776 vero
987 3710 1365 3789 transitum,
1429 3709 1671 3788 Abbas,
1736 3710 1823 3775 ad
1881 3732 1952 3776 se
2010 3732 2327 3790 reversus,
2390 3717 2459 3778 et
2506 3712 2679 3780 forte
2703 3731 2879 3784 Abbot

568 3814 867 3900 precibus
923 3813 1138 3879 sancti
1159 3916 1175 3930 .
1196 3813 1328 3878 viri
1387 3834 1430 3930 a
1490 3813 1633 3878 Deo
1706 3817 2056 3900 respectus,
2120 3813 2420 3903 deposito
2495 3817 2677 3882 omni
2699 3798 2945 3930 ξζᾱὲιὼ·

568 3918 763 3998 fastu,
825 3937 975 3982 cum
1023 3916 1309 4003 fast1g10,
1363 3920 1525 3981 vitae
1576 3916 1924 4002 pastoralis
1984 3939 2151 3983 onus
2212 3921 2284 3983 et
2342 3917 2674 3999 honorem,
2697 3944 2782 3997 the
2798 3896 2995 3997 Ab-gm

569 4042 719 4086 cum
757 4019 1010 4098 baculQ
1048 4018 1413 4106 resignavit
1439 4042 1455 4099 ;
1518 4022 1607 4096 et,
1637 4019 2031 4085 constructis
2074 4019 2470 4106 quibusdam
2514 4024 2673 4088 aedi-
2696 4011 2843 4128 ¹237·
2864 4016 2964 4065 and

558 4122 733 4189 ficiis
786 4121 991 4208 juxta
1034 4121 1422 4209 praedictum
1469 4121 1847 4201 oratorium,
1908 4121 1982 4186 in
2024 4121 2165 4189 loco
2224 4122 2343 4188 ubi
2400 4125 2672 4210 praedic-
2694 4079 2929 4265 §gf-‘³55²

633 4466 650 4499 ¹
672 4464 1030 4518 Habitat-alm
1063 4503 1077 4517 .
1100 4504 1115 4518 .
1138 4500 1154 4517 .
1179 4505 1191 4517 .
1217 4504 1231 4517 .
1254 4467 1412 4532 &peius
1453 4482 1577 4516 com-
1667 4468 1993 4528 resuscitavit,
2008 4474 2106 4518 tres
2121 4466 2441 4519 άωηιοπίασω
2461 4474 2669 4521 curavit.

565 4545 798 4608 tendat-i,
820 4546 1030 4597 omitted
1049 4545 1102 4597 in
1122 4546 1236 4597 MS.
1262 4545 1511 4611 spelman.
1666 4546 1986 4612 —Marginal
2006 4547 2139 4598 Note
2159 4547 2213 4598 in
2237 4546 2349 4600 MS.
2373 4549 2509 4600 Nero
2532 4550 2597 4602 D.
2622 4551 2654 4603 i.

628 4626 651 4659 2
670 4625 1006 4677 &habitacula
1037 4626 1092 4677 in
1115 4627 1228 4678 MS.
1253 4625 1565 4679 ClaudiusE.
1735 4625 1754 4656 ⁴
1776 4626 1992 4678 Altered
2024 4633 2077 4678 to
2111 4625 2279 4695 Wlfns
2299 4627 2352 4679 in
2386 4628 2500 4683 MS.
2531 4631 2668 4683 Nero

562 4707 631 4759 iv.
657 4727 673 4767 ς
706 4707 960 4758 corrected
980 4706 1114 4757 from
1135 4705 1251 4759 MS.
1272 4706 1407 4757 Nero
1432 4707 1496 4757 D.
1516 4705 1548 4755 i.
1666 4706 1733 4758 D.
1758 4706 1794 4759 i.

630 4785 654 4818 ³
674 4786 917 4839 Awana
959 4786 1162 4850 nomine,
1217 4788 1306 4852 qui
1354 4801 1565 4854 puerum
