3450 5717
812 833 938 896 242
1565 846 1778 896 GESTA
1823 844 2153 896 ABBATUM

557 1033 717 1097 John,
813 1037 882 1097 et
926 1030 1198 1096 liberam
1244 1031 1316 1095 in
1360 1052 1535 1117 pace,
1568 1053 1717 1097 cum
1764 1031 1903 1097 suis
1948 1031 2454 1118 pertinentibus,
2487 1035 2701 1098 totam
2747 1031 2922 1097 sine-

477 1100 791 1218 ²¹⁸ffissp⁰ss
813 1138 918 1200 ret
969 1132 1392 1200 Abbathiam.

485 1238 793 1287 1195-1214·
906 1235 928 1273 ¹
954 1236 1087 1301 Hic
1165 1240 1390 1301 autem
1464 1234 1795 1301 Robertus
1858 1236 2177 1321 quosdam
2237 1235 2528 1302 Abbatis
2586 1236 2921 1302 ministros

476 1365 775 1430 Friendship
815 1339 1191 1425 praecipuos,
1239 1360 1389 1403 cum
1437 1337 1723 1424 quodam
1773 1336 2002 1403 Sancti
2052 1336 2302 1403 Albani
2348 1337 2685 1417 monachO,
2736 1338 2920 1404 vide·

478 1433 542 1549 ἓξ
563 1435 776 1549 {⁸333ssss
813 1441 984 1519 licet,
1044 1440 1405 1506 Dominum
1455 1440 1907 1519 Laurentium,
1973 1439 2434 1520 Senescallum,
2487 1439 2788 1519 militem,
2852 1443 2923 1505 et

479 1564 558 1614 for
580 1565 768 1616 certain
816 1543 1266 1623 Laurentium,
1312 1542 1638 1621 clericum,
1691 1546 1762 1607 et
1810 1542 2211 1629 Magistrum
2260 1542 2651 1622 Walterum,
2692 1562 2918 1607 mona-

476 1630 790 1764 {32⁰3ssssss
818 1648 1029 1725 chum,
1078 1648 1411 1734 pictorem,
1474 1645 1729 1725 dilexit,
1793 1651 1863 1711 et
1921 1644 2160 1711 habuit
2219 1644 2615 1724 familiarem
2681 1644 2920 1731 quibus

478 1764 577 1813 His
599 1772 739 1831 story
817 1772 1108 1837 gemmas
1152 1772 1302 1815 suas
1355 1754 1424 1815 et
1467 1749 1599 1814 alia
1645 1753 1895 1814 secreta
1936 1748 2278 1826 revelavit,
2321 1749 2448 1814 sibi
2494 1770 2535 1815 a
2580 1747 2759 1813 dicto
2786 1747 2925 1812 Ad·

477 1829 727 1948 }gffig’g
817 1853 1073 1919 miralio
1119 1852 1359 1919 mnata
1415 1856 1486 1917 et
1544 1852 1721 1930 data,
1766 1851 2077 1918 audiente
2122 1852 2465 1931 Μαι-ΜΟ,
2512 1851 2630 1938 qui
2673 1855 2743 1916 et
2784 1849 2926 1917 haee
3048 1924 3053 1929 ,

478 1962 623 2081 {affin
642 1964 771 2016 him-
817 1955 1078 2042 scripsit
1123 1961 1192 2021 et
1236 1954 1588 2022 enarravit.

833 2234 930 2300 De
976 2232 1378 2321 quingentis
1422 2234 1679 2300 marcis
1734 2255 1865 2321 per
1909 2233 2333 2321 Episcopum
2377 2231 2919 2309 Dimebmemcm

990 2336 1087 2403 ad
1162 2358 1376 2403 usum
1442 2336 1654 2422 Reyis
1719 2336 2028 2425 Anylioe,
2096 2358 2145 2404 α
2219 2342 2592 2405 memorato
2669 2334 2922 2402 Abbatc

993 2438 1316 2505 violenter
1360 2439 1649 2506 coetonia

476 2606 696 2658 Richard
710 2610 772 2659 de
904 2591 932 2629 ⁹
956 2592 1205 2659 Eodem
1258 2616 1453 2675 anno,
1501 2616 1650 2660 cum
1695 2599 1867 2661 esset
1917 2592 2239 2661 Ricardus
2291 2595 2373 2660 de
2434 2593 2728 2672 MariscO,
2783 2592 2922 2678 (qui

476 2673 722 2791 ffiffffi‘g}
814 2716 951 2759 non
994 2717 1110 2782 per
1154 2696 1556 2774 electionem,
1616 2697 1733 2762 sed
1780 2718 1899 2784 per
1946 2696 2197 2784 Regem
2262 2694 2582 2775 intrusus,
2646 2696 2721 2760 in
2764 2693 2923 2780 Epi-

479 2808 760 2884 eounpillor
816 2801 1155 2883 scopatum
1185 2798 1694 2865 Dunelmensem
1740 2790 2136 2864 sublimatus
2181 2796 2337 2885 est,)
2380 2820 2678 2865 summus
2728 2796 2926 2883 Regis

478 2871 791 2998 gsshffilnffuw
820 2899 1247 2980 consiliarius,
1299 2901 1406 2965 vir
1463 2922 1718 2966 veneno
1777 2900 2093 2967 Sathanae
2142 2900 2169 2937 ³
2194 2901 2586 2982 deebriatus,
2638 2905 2707 2966 et
2765 2901 2925 2976 Rex,

478 3019 621 3054 mons
646 3006 753 3055 Ab·
813 3005 1045 3086 utpote
1075 3001 1512 3081 avarissimae,
1558 3001 1869 3068 thesauro
1913 3002 2319 3091 indiguisset,
2353 3010 2422 3069 et
2449 3003 2784 3070 Abbatem
2828 3024 2929 3067 ar-

481 3071 734 3188 gozzem
815 3105 1012 3169 matis
1064 3104 1374 3190 pulsisset
1421 3105 1724 3191 precibus
1771 3109 1853 3171 ut
1884 3127 2035 3171 eum
2078 3106 2368 3191 juvaret,
2417 3109 2488 3172 et
2519 3104 2747 3171 Abbas
2784 3104 2926 3190 jus-

477 3219 729 3269 Prffienoe·
815 3206 1101 3272 tissimas
1131 3229 1268 3274 suae
1303 3208 1715 3295 impotentiae
1746 3230 1974 3274 causas
2003 3208 2425 3296 exposuisset,
2466 3209 2732 3276 vocavit
2776 3228 2925 3275 eum

817 3309 997 3394 regia
1040 3310 1437 3376 auctoritate
1485 3310 1701 3377 dictus
1748 3311 2089 3377 Ricardus.

479 3408 792 3528 3251&AE
909 3411 1041 3492 Qui
1082 3435 1232 3479 cum
1283 3413 1369 3478 ad
1399 3434 1552 3478 eum
1601 3413 1835 3480 Abbas
1880 3412 2272 3496 accessisset,
2323 3413 2422 3480 ait
2469 3414 2796 3482 Ricardus
2821 3438 2927 3495 3—

479 3544 664 3594 relieve
685 3545 770 3595 the
822 3520 859 3551 “
904 3513 1188 3580 Domine
1240 3515 1485 3595 Abbas,
1535 3537 1668 3602 quo
1698 3537 1834 3582 non
1884 3517 2114 3604 major,
2158 3523 2241 3583 ut
2272 3518 2440 3584 bene
2483 3517 2806 3595 novimus,
2854 3516 2924 3580 in

477 3610 692 3741 ἓξὲξ
818 3626 849 3652 “
896 3615 1159 3704 Anglia,
1200 3617 1275 3682 in
1316 3639 1465 3703 quo,
1516 3624 1586 3683 et
1631 3624 1899 3704 quanto,
1944 3619 2286 3685 dominum
2332 3624 2651 3702 nostrum,
2684 3625 2754 3685 et
2782 3641 2928 3685 ves-

478 3741 600 3791 with
627 3748 724 3792 500
818 3727 850 3756 “
896 3725 1093 3800 trum,
1133 3719 1406 3805 juvabis
1441 3720 1896 3808 indigentem?
2000 3722 2255 3788 Scimus
2295 3721 2472 3810 quod
2517 3722 2637 3787 das
2681 3723 2742 3787 ei
2784 3744 2930 3788 sex-

480 3808 741 3927 ffibpssni?
818 3830 854 3858 “
897 3826 1121 3888 centas
1165 3844 1436 3901 marcas,
1483 3824 1599 3890 sed
1661 3846 1783 3911 pro
1825 3824 2221 3891 liberatione
2267 3823 2628 3891 Abbathiae
2672 3827 2926 3902 vestrae,

822 3931 857 3962 “
902 3945 1102 4010 quam
1154 3925 1337 4009 juste
1388 3926 1748 4013 occupavit.
1865 3926 1997 3993 Sed
2046 3948 2245 4009 nunc,
2276 3948 2460 3993 mera
2512 3926 2929 4009 liberalitate,

823 4035 858 4062 “
902 4032 982 4092 ut
1048 4032 1270 4113 grates
1337 4027 1633 4114 recipias,
1679 4028 1895 4095 eidem
1957 4028 2256 4096 conferas
2316 4028 2688 4118 postulanti
2740 4029 2935 4115 quin-

819 4136 859 4166 “
901 4136 1135 4217 gentas
1165 4127 1511 4199 *marcasss'
1557 4133 1651 4198 Et
1680 4154 1832 4199 cum
1862 4132 2098 4201 Abbas
2126 4154 2328 4221 super
2366 4136 2565 4199 tanta
2592 4132 2937 4199 exactione

818 4233 1287 4322 obstupuisset,
1350 4235 1448 4300 ait
1514 4235 1838 4302 Ricardus
1866 4242 2013 4318 ;—“
2046 4235 2228 4317 Quid
2306 4236 2675 4302 mussitas?
2781 4234 2937 4302 Stat

879 4507 898 4541 ¹
924 4509 1052 4562 This
1082 4527 1292 4579 passage
1337 4512 1495 4564 “Hic
1520 4532 1701 4567 .....
1703 4529 1821 4566 nar·
1987 4513 2311 4580 'Eodemque
2332 4513 2390 4564 in
2412 4512 2832 4567 Memaceni.

815 4587 846 4614 “
861 4589 1041 4651 ravit,”
1058 4588 1192 4641 from
1211 4592 1298 4643 the
1315 4591 1548 4645 Historia
1563 4594 1751 4661 Major
1768 4595 1831 4646 of
1988 4596 2008 4625 ⁸
2029 4593 2281 4646 debriatus
2299 4594 2350 4645 in
2374 4594 2461 4644 the
2481 4592 2637 4645 MSS.

811 4666 1059 4718 Matthew
1079 4668 1246 4733 Paris,
1278 4673 1397 4724 does
1442 4681 1531 4725 not
1552 4690 1738 4740 appear
1759 4674 1814 4725 in
1989 4676 2009 4707 ⁴
2029 4692 2224 4727 marcas
2267 4675 2479 4727 omitted
2528 4674 2585 4725 in
2630 4673 2746 4727 MS.
2788 4673 2932 4726 Nero

810 4745 926 4800 MS.
937 4746 1077 4799 Nero
1092 4749 1158 4801 D.
1177 4749 1213 4801 i.
1922 4755 1990 4807 D.
2013 4755 2052 4808 i.
