<?xml version="1.0" encoding="UTF-8"?>
<!DOCTYPE html PUBLIC "-//W3C//DTD XHTML 1.0 Transitional//EN"
    "http://www.w3.org/TR/xhtml1/DTD/xhtml1-transitional.dtd">
<html xmlns="http://www.w3.org/1999/xhtml" xml:lang="en" lang="en">
 <head>
  <title>
</title>
<meta http-equiv="Content-Type" content="text/html;charset=utf-8" />
  <meta name='ocr-system' content='tesseract 3.04.00' />
  <meta name='ocr-capabilities' content='ocr_page ocr_carea ocr_par ocr_line ocrx_word'/>
</head>
<body>
  <div class='ocr_page' id='page_1' title='image "./gestaabbatummon00rilegoog_0408.png"; bbox 0 0 3450 5717; ppageno 0'>
   <div class='ocr_carea' id='block_1_1' title="bbox 805 842 2152 914">
    <p class='ocr_par' dir='ltr' id='par_1_1' title="bbox 805 842 2152 914">
     <span class='ocr_line' id='line_1_1' title="bbox 805 842 2152 914; baseline 0.001 -3"><span class='ocrx_word' id='word_1_1' title='bbox 805 842 937 913; x_wconf 76' lang='lat'>3¹74</span> <span class='ocrx_word' id='word_1_2' title='bbox 1560 861 1774 912; x_wconf 71' lang='lat' dir='ltr'>essm</span> <span class='ocrx_word' id='word_1_3' title='bbox 1819 862 2152 914; x_wconf 73' lang='lat' dir='ltr'>ABBAruu</span> 
     </span>
    </p>
   </div>
   <div class='ocr_carea' id='block_1_2' title="bbox 491 1045 2896 1141">
    <p class='ocr_par' dir='ltr' id='par_1_2' title="bbox 491 1045 2896 1141">
     <span class='ocr_line' id='line_1_2' title="bbox 491 1045 2896 1141; baseline 0.006 -36"><span class='ocrx_word' id='word_1_4' title='bbox 491 1053 635 1105; x_wconf 83' lang='lat' dir='ltr'>John</span> <span class='ocrx_word' id='word_1_5' title='bbox 651 1054 743 1116; x_wconf 86' lang='lat' dir='ltr'>IL,</span> <span class='ocrx_word' id='word_1_6' title='bbox 801 1045 1079 1111; x_wconf 86' lang='lat' dir='ltr'>tulasset</span> <span class='ocrx_word' id='word_1_7' title='bbox 1122 1048 1487 1133; x_wconf 86' lang='lat' dir='ltr'>pecuniare,</span> <span class='ocrx_word' id='word_1_8' title='bbox 1546 1052 1725 1136; x_wconf 89' lang='lat' dir='ltr'>quod</span> <span class='ocrx_word' id='word_1_9' title='bbox 1767 1072 1889 1115; x_wconf 89' lang='lat' dir='ltr'>nec</span> <span class='ocrx_word' id='word_1_10' title='bbox 1933 1051 2302 1133; x_wconf 90' lang='lat' dir='ltr'>voluerunt,</span> <span class='ocrx_word' id='word_1_11' title='bbox 2348 1072 2471 1118; x_wconf 88' lang='lat' dir='ltr'>nec</span> <span class='ocrx_word' id='word_1_12' title='bbox 2514 1056 2896 1141; x_wconf 88' lang='lat' dir='ltr'>potuerunt,</span> 
     </span>
    </p>
   </div>
   <div class='ocr_carea' id='block_1_3' title="bbox 524 1121 2895 1250">
    <p class='ocr_par' dir='ltr' id='par_1_3' title="bbox 524 1121 2895 1250">
     <span class='ocr_line' id='line_1_3' title="bbox 524 1121 2895 1250; baseline 0.003 -36"><span class='ocrx_word' id='word_1_13' title='bbox 524 1121 715 1250; x_wconf 42' lang='grc' dir='ltr'>ἐξιῇ,</span> <span class='ocrx_word' id='word_1_14' title='bbox 800 1148 1085 1235; x_wconf 88' lang='lat' dir='ltr'>amplius</span> <span class='ocrx_word' id='word_1_15' title='bbox 1157 1151 1485 1217; x_wconf 88' lang='lat' dir='ltr'>sustinere</span> <span class='ocrx_word' id='word_1_16' title='bbox 1559 1153 1727 1218; x_wconf 88' lang='lat' dir='ltr'>tales</span> <span class='ocrx_word' id='word_1_17' title='bbox 1802 1154 2225 1234; x_wconf 80' lang='lat' dir='ltr'>extortiones,</span> <span class='ocrx_word' id='word_1_18' title='bbox 2302 1154 2448 1221; x_wconf 76' lang='lat' dir='ltr'>Rex</span> <span class='ocrx_word' id='word_1_19' title='bbox 2522 1156 2736 1221; x_wconf 87' lang='lat' dir='ltr'>iratus</span> <span class='ocrx_word' id='word_1_20' title='bbox 2809 1156 2895 1221; x_wconf 84' lang='lat' dir='ltr'>ad</span> 
     </span>
    </p>
   </div>
   <div class='ocr_carea' id='block_1_4' title="bbox 498 1252 2895 1442">
    <p class='ocr_par' dir='ltr' id='par_1_4' title="bbox 498 1252 2895 1442">
     <span class='ocr_line' id='line_1_4' title="bbox 498 1252 2895 1371; baseline -0.005 -47"><span class='ocrx_word' id='word_1_21' title='bbox 498 1253 726 1371; x_wconf 45' lang='lat' dir='ltr'>lggljgo</span> <span class='ocrx_word' id='word_1_22' title='bbox 800 1252 933 1317; x_wconf 83' lang='lat' dir='ltr'>aha</span> <span class='ocrx_word' id='word_1_23' title='bbox 992 1273 1060 1317; x_wconf 87' lang='lat' dir='ltr'>se</span> <span class='ocrx_word' id='word_1_24' title='bbox 1118 1255 1444 1320; x_wconf 88' lang='lat' dir='ltr'>convertit</span> <span class='ocrx_word' id='word_1_25' title='bbox 1510 1254 1777 1322; x_wconf 83' lang='lat' dir='ltr'>astutiae</span> <span class='ocrx_word' id='word_1_26' title='bbox 1845 1261 2254 1344; x_wconf 88' lang='lat' dir='ltr'>argumenta,</span> <span class='ocrx_word' id='word_1_27' title='bbox 2313 1262 2393 1324; x_wconf 90' lang='lat' dir='ltr'>ut</span> <span class='ocrx_word' id='word_1_28' title='bbox 2459 1259 2544 1357; x_wconf 81' lang='lat' dir='ltr'>ab</span> <span class='ocrx_word' id='word_1_29' title='bbox 2605 1258 2895 1327; x_wconf 67' lang='lat' dir='ltr'>Ecclesia</span> 
     </span>
     <span class='ocr_line' id='line_1_5' title="bbox 555 1357 1931 1442; baseline -0.006 -14"><span class='ocrx_word' id='word_1_30' title='bbox 555 1416 690 1427; x_wconf 82' lang='grc'>-.</span> <span class='ocrx_word' id='word_1_31' title='bbox 728 1357 741 1372; x_wconf 87' lang='grc'><em>“</em></span> <span class='ocrx_word' id='word_1_32' title='bbox 800 1357 1144 1442; x_wconf 85' lang='lat' dir='ltr'>pecuniam</span> <span class='ocrx_word' id='word_1_33' title='bbox 1189 1358 1536 1426; x_wconf 88' lang='lat' dir='ltr'>abraderet</span> <span class='ocrx_word' id='word_1_34' title='bbox 1579 1359 1931 1427; x_wconf 81' lang='lat' dir='ltr'>infinitam.</span> 
     </span>
    </p>
   </div>
   <div class='ocr_carea' id='block_1_5' title="bbox 463 1453 2894 1550">
    <p class='ocr_par' dir='ltr' id='par_1_5' title="bbox 463 1453 2894 1550">
     <span class='ocr_line' id='line_1_6' title="bbox 463 1453 2894 1550; baseline 0.007 -35"><span class='ocrx_word' id='word_1_35' title='bbox 463 1454 573 1505; x_wconf 77' lang='lat' dir='ltr'>The</span> <span class='ocrx_word' id='word_1_36' title='bbox 594 1453 738 1518; x_wconf 80' lang='lat' dir='ltr'>King</span> <span class='ocrx_word' id='word_1_37' title='bbox 890 1459 1238 1526; x_wconf 89' lang='lat' dir='ltr'>AHocutus</span> <span class='ocrx_word' id='word_1_38' title='bbox 1284 1465 1389 1527; x_wconf 88' lang='lat' dir='ltr'>est</span> <span class='ocrx_word' id='word_1_39' title='bbox 1431 1462 1637 1548; x_wconf 88' lang='lat' dir='ltr'>igitur</span> <span class='ocrx_word' id='word_1_40' title='bbox 1676 1464 1888 1550; x_wconf 90' lang='lat' dir='ltr'>primo</span> <span class='ocrx_word' id='word_1_41' title='bbox 1927 1463 2260 1530; x_wconf 88' lang='lat' dir='ltr'>Abbatem</span> <span class='ocrx_word' id='word_1_42' title='bbox 2289 1465 2894 1547; x_wconf 81' lang='lat' dir='ltr'>westmonasterii3</span> 
     </span>
    </p>
   </div>
   <div class='ocr_carea' id='block_1_6' title="bbox 460 1521 2892 1654">
    <p class='ocr_par' dir='ltr' id='par_1_6' title="bbox 460 1521 2892 1654">
     <span class='ocr_line' id='line_1_7' title="bbox 460 1521 2892 1654; baseline 0.002 -26"><span class='ocrx_word' id='word_1_43' title='bbox 460 1521 761 1637; x_wconf 41' lang='lat' dir='ltr'>phrgvgilljsbg?</span> <span class='ocrx_word' id='word_1_44' title='bbox 802 1568 871 1628; x_wconf 87' lang='lat' dir='ltr'>et</span> <span class='ocrx_word' id='word_1_45' title='bbox 917 1563 1003 1628; x_wconf 88' lang='lat' dir='ltr'>ab</span> <span class='ocrx_word' id='word_1_46' title='bbox 1060 1564 1218 1650; x_wconf 87' lang='lat' dir='ltr'>ipso,</span> <span class='ocrx_word' id='word_1_47' title='bbox 1270 1562 1290 1600; x_wconf 87' lang='lat'>¹</span> <span class='ocrx_word' id='word_1_48' title='bbox 1312 1565 1641 1630; x_wconf 86' lang='lat' dir='ltr'>infatuato</span> <span class='ocrx_word' id='word_1_49' title='bbox 1699 1566 2013 1653; x_wconf 70' lang='lat' dir='ltr'><strong>pollicitis</strong></span> <span class='ocrx_word' id='word_1_50' title='bbox 2071 1567 2433 1648; x_wconf 85' lang='lat' dir='ltr'>fallacibus,</span> <span class='ocrx_word' id='word_1_51' title='bbox 2476 1571 2557 1633; x_wconf 86' lang='lat' dir='ltr'>ut</span> <span class='ocrx_word' id='word_1_52' title='bbox 2599 1568 2892 1654; x_wconf 83' lang='lat' dir='ltr'>sigillum</span> 
     </span>
    </p>
   </div>
   <div class='ocr_carea' id='block_1_7' title="bbox 461 1652 2890 1770">
    <p class='ocr_par' dir='ltr' id='par_1_7' title="bbox 461 1652 2890 1770">
     <span class='ocr_line' id='line_1_8' title="bbox 461 1652 2890 1770; baseline 0.003 -41"><span class='ocrx_word' id='word_1_53' title='bbox 461 1652 749 1770; x_wconf 40' lang='lat' dir='ltr'>‘mio</span> <span class='ocrx_word' id='word_1_54' title='bbox 802 1686 1014 1747; x_wconf 86' lang='lat' dir='ltr'>suum,</span> <span class='ocrx_word' id='word_1_55' title='bbox 1046 1670 1117 1733; x_wconf 91' lang='lat' dir='ltr'>et</span> <span class='ocrx_word' id='word_1_56' title='bbox 1161 1668 1265 1731; x_wconf 90' lang='lat' dir='ltr'>sui</span> <span class='ocrx_word' id='word_1_57' title='bbox 1296 1667 1697 1748; x_wconf 75' lang='lat' dir='ltr'>ConventuS,</span> <span class='ocrx_word' id='word_1_58' title='bbox 1737 1674 2093 1755; x_wconf 89' lang='lat' dir='ltr'>apponeret</span> <span class='ocrx_word' id='word_1_59' title='bbox 2132 1668 2254 1736; x_wconf 84' lang='lat' dir='ltr'>tali</span> <span class='ocrx_word' id='word_1_60' title='bbox 2283 1670 2546 1751; x_wconf 82' lang='lat' dir='ltr'>chartae,</span> <span class='ocrx_word' id='word_1_61' title='bbox 2581 1675 2676 1751; x_wconf 89' lang='lat' dir='ltr'>ut,</span> <span class='ocrx_word' id='word_1_62' title='bbox 2707 1670 2890 1736; x_wconf 88' lang='lat' dir='ltr'>vide·-</span> 
     </span>
    </p>
   </div>
   <div class='ocr_carea' id='block_1_8' title="bbox 459 1767 2892 1862">
    <p class='ocr_par' dir='ltr' id='par_1_8' title="bbox 459 1767 2892 1862">
     <span class='ocr_line' id='line_1_9' title="bbox 459 1767 2892 1862; baseline 0.002 -25"><span class='ocrx_word' id='word_1_63' title='bbox 459 1787 525 1837; x_wconf 82' lang='lat' dir='ltr'>be</span> <span class='ocrx_word' id='word_1_64' title='bbox 544 1785 624 1835; x_wconf 76' lang='lat' dir='ltr'>his</span> <span class='ocrx_word' id='word_1_65' title='bbox 802 1767 976 1850; x_wconf 87' lang='lat' dir='ltr'>licet,</span> <span class='ocrx_word' id='word_1_66' title='bbox 1021 1768 1411 1855; x_wconf 87' lang='lat' dir='ltr'>fidejuberet</span> <span class='ocrx_word' id='word_1_67' title='bbox 1456 1792 1575 1857; x_wconf 87' lang='lat' dir='ltr'>pro</span> <span class='ocrx_word' id='word_1_68' title='bbox 1619 1771 1763 1857; x_wconf 87' lang='lat' dir='ltr'>ipso</span> <span class='ocrx_word' id='word_1_69' title='bbox 1810 1771 1991 1860; x_wconf 84' lang='lat' dir='ltr'>Rege</span> <span class='ocrx_word' id='word_1_70' title='bbox 2034 1771 2108 1838; x_wconf 92' lang='lat' dir='ltr'>in</span> <span class='ocrx_word' id='word_1_71' title='bbox 2155 1777 2350 1839; x_wconf 86' lang='lat' dir='ltr'>tanta</span> <span class='ocrx_word' id='word_1_72' title='bbox 2393 1772 2684 1862; x_wconf 87' lang='lat' dir='ltr'>pecunia,</span> <span class='ocrx_word' id='word_1_73' title='bbox 2740 1797 2892 1861; x_wconf 83' lang='lat' dir='ltr'>quae</span> 
     </span>
    </p>
   </div>
   <div class='ocr_carea' id='block_1_9' title="bbox 461 1858 2894 1969">
    <p class='ocr_par' dir='ltr' id='par_1_9' title="bbox 461 1858 2894 1969">
     <span class='ocr_line' id='line_1_10' title="bbox 461 1858 2894 1969; baseline -0.005 -28"><span class='ocrx_word' id='word_1_74' title='bbox 461 1858 780 1969; x_wconf 54' lang='lat' dir='ltr'>{ffguffmt</span> <span class='ocrx_word' id='word_1_75' title='bbox 802 1870 889 1936; x_wconf 86' lang='lat' dir='ltr'>ad</span> <span class='ocrx_word' id='word_1_76' title='bbox 964 1870 1096 1938; x_wconf 91' lang='lat' dir='ltr'>duo</span> <span class='ocrx_word' id='word_1_77' title='bbox 1171 1872 1383 1938; x_wconf 83' lang='lat' dir='ltr'>millia</span> <span class='ocrx_word' id='word_1_78' title='bbox 1455 1896 1822 1940; x_wconf 85' lang='lat' dir='ltr'>marcarum</span> <span class='ocrx_word' id='word_1_79' title='bbox 1899 1880 1971 1942; x_wconf 89' lang='lat' dir='ltr'>et</span> <span class='ocrx_word' id='word_1_80' title='bbox 2042 1876 2438 1963; x_wconf 76' lang='lat' dir='ltr'>quingentas</span> <span class='ocrx_word' id='word_1_81' title='bbox 2518 1877 2894 1943; x_wconf 61' lang='lat' dir='ltr'>manderet</span> 
     </span>
    </p>
   </div>
   <div class='ocr_carea' id='block_1_10' title="bbox 463 1976 2891 2067">
    <p class='ocr_par' dir='ltr' id='par_1_10' title="bbox 463 1976 2891 2067">
     <span class='ocr_line' id='line_1_11' title="bbox 463 1976 2891 2067; baseline 0.004 -31"><span class='ocrx_word' id='word_1_82' title='bbox 463 1984 523 2036; x_wconf 83' lang='lat' dir='ltr'>of</span> <span class='ocrx_word' id='word_1_83' title='bbox 538 1991 687 2047; x_wconf 83' lang='lat' dir='ltr'>2,5oo</span> <span class='ocrx_word' id='word_1_84' title='bbox 802 1996 1092 2056; x_wconf 84' lang='lat' dir='ltr'>marcas3</span> <span class='ocrx_word' id='word_1_85' title='bbox 1146 1980 1224 2041; x_wconf 92' lang='lat' dir='ltr'>ut</span> <span class='ocrx_word' id='word_1_86' title='bbox 1268 1976 1360 2041; x_wconf 86' lang='lat' dir='ltr'>sic</span> <span class='ocrx_word' id='word_1_87' title='bbox 1404 1977 1677 2043; x_wconf 88' lang='lat' dir='ltr'>daretur</span> <span class='ocrx_word' id='word_1_88' title='bbox 1718 1977 2156 2066; x_wconf 88' lang='lat' dir='ltr'>perniciosum</span> <span class='ocrx_word' id='word_1_89' title='bbox 2200 1978 2571 2067; x_wconf 80' lang='lat' dir='ltr'>exemplum</span> <span class='ocrx_word' id='word_1_90' title='bbox 2612 1980 2697 2045; x_wconf 87' lang='lat' dir='ltr'>ab</span> <span class='ocrx_word' id='word_1_91' title='bbox 2742 1979 2891 2045; x_wconf 87' lang='lat' dir='ltr'>aliis</span> 
     </span>
    </p>
   </div>
   <div class='ocr_carea' id='block_1_11' title="bbox 461 2053 2051 2171">
    <p class='ocr_par' dir='ltr' id='par_1_11' title="bbox 461 2053 2051 2171">
     <span class='ocr_line' id='line_1_12' title="bbox 461 2053 2051 2171; baseline 0.003 -29"><span class='ocrx_word' id='word_1_92' title='bbox 461 2053 760 2171; x_wconf 39' lang='lat' dir='ltr'>ffiffssffig·</span> <span class='ocrx_word' id='word_1_93' title='bbox 802 2076 1119 2143; x_wconf 87' lang='lat' dir='ltr'>coenobiis</span> <span class='ocrx_word' id='word_1_94' title='bbox 1163 2079 1558 2145; x_wconf 85' lang='lat' dir='ltr'>tantundem</span> <span class='ocrx_word' id='word_1_95' title='bbox 1596 2082 2051 2168; x_wconf 85' lang='lat' dir='ltr'>extorquendi.</span> 
     </span>
    </p>
   </div>
   <div class='ocr_carea' id='block_1_12' title="bbox 803 2294 2901 2570">
    <p class='ocr_par' dir='ltr' id='par_1_12' title="bbox 803 2294 2901 2570">
     <span class='ocr_line' id='line_1_13' title="bbox 803 2294 2901 2386; baseline 0.003 -25"><span class='ocrx_word' id='word_1_96' title='bbox 803 2296 903 2362; x_wconf 82' lang='lat' dir='ltr'>De</span> <span class='ocrx_word' id='word_1_97' title='bbox 951 2294 1274 2385; x_wconf 71' lang='lat' dir='ltr'>fallaciis</span> <span class='ocrx_word' id='word_1_98' title='bbox 1324 2296 1648 2383; x_wconf 63' lang='lat' dir='ltr'>symma</span> <span class='ocrx_word' id='word_1_99' title='bbox 1674 2296 2054 2376; x_wconf 77' lang='lat' dir='ltr'>Passelewe,</span> <span class='ocrx_word' id='word_1_100' title='bbox 2109 2297 2340 2367; x_wconf 64' lang='lat' dir='ltr'>clerici</span> <span class='ocrx_word' id='word_1_101' title='bbox 2381 2299 2586 2386; x_wconf 61' lang='lat' dir='ltr'>Regis</span> <span class='ocrx_word' id='word_1_102' title='bbox 2620 2320 2901 2385; x_wconf 73' lang='lat' dir='ltr'>proeno-</span> 
     </span>
     <span class='ocr_line' id='line_1_14' title="bbox 977 2398 2898 2486; baseline 0.002 -20"><span class='ocrx_word' id='word_1_103' title='bbox 977 2399 1126 2479; x_wconf 67' lang='lat' dir='ltr'>tati,</span> <span class='ocrx_word' id='word_1_104' title='bbox 1188 2398 1285 2466; x_wconf 77' lang='lat' dir='ltr'>ad</span> <span class='ocrx_word' id='word_1_105' title='bbox 1333 2398 1793 2486; x_wconf 68' lang='lat' dir='ltr'>coaequandum</span> <span class='ocrx_word' id='word_1_106' title='bbox 1840 2400 2259 2486; x_wconf 72' lang='lat' dir='ltr'>praedictwn</span> <span class='ocrx_word' id='word_1_107' title='bbox 2317 2402 2688 2470; x_wconf 61' lang='lat' dir='ltr'>mmmm</span> <span class='ocrx_word' id='word_1_108' title='bbox 2754 2402 2838 2468; x_wconf 85' lang='lat' dir='ltr'><em>M</em></span> <span class='ocrx_word' id='word_1_109' title='bbox 2832 2424 2898 2469; x_wconf 91' lang='lat' dir='ltr'>o-</span> 
     </span>
     <span class='ocr_line' id='line_1_15' title="bbox 976 2500 2166 2570; baseline 0.001 -3"><span class='ocrx_word' id='word_1_110' title='bbox 976 2501 1274 2567; x_wconf 67' lang='lat' dir='ltr'>‘nasterio</span> <span class='ocrx_word' id='word_1_111' title='bbox 1316 2501 1557 2569; x_wconf 72' lang='lat' dir='ltr'>Scmoti</span> <span class='ocrx_word' id='word_1_112' title='bbox 1597 2500 1661 2567; x_wconf 83' lang='lat' dir='ltr'><strong><em>A</em></strong></span> <span class='ocrx_word' id='word_1_113' title='bbox 1674 2501 1868 2569; x_wconf 67' lang='lat' dir='ltr'>lbani</span> <span class='ocrx_word' id='word_1_114' title='bbox 1910 2500 2166 2570; x_wconf 66' lang='lat' dir='ltr'>directi.</span> 
     </span>
    </p>
   </div>
   <div class='ocr_carea' id='block_1_13' title="bbox 457 2636 2898 2851">
    <p class='ocr_par' dir='ltr' id='par_1_13' title="bbox 457 2636 2898 2851">
     <span class='ocr_line' id='line_1_16' title="bbox 459 2636 2896 2725; baseline -0.001 -16"><span class='ocrx_word' id='word_1_115' title='bbox 459 2640 636 2692; x_wconf 82' lang='lat' dir='ltr'>simon</span> <span class='ocrx_word' id='word_1_116' title='bbox 892 2636 1271 2704; x_wconf 83' lang='lat' dir='ltr'>Festinavit</span> <span class='ocrx_word' id='word_1_117' title='bbox 1331 2638 1540 2725; x_wconf 85' lang='lat' dir='ltr'>igitur</span> <span class='ocrx_word' id='word_1_118' title='bbox 1599 2639 1928 2704; x_wconf 82' lang='lat' dir='ltr'>Dominus</span> <span class='ocrx_word' id='word_1_119' title='bbox 1974 2640 2123 2705; x_wconf 84' lang='lat' dir='ltr'>Rex</span> <span class='ocrx_word' id='word_1_120' title='bbox 2165 2661 2316 2707; x_wconf 89' lang='lat' dir='ltr'>cum</span> <span class='ocrx_word' id='word_1_121' title='bbox 2358 2641 2606 2707; x_wconf 84' lang='lat' dir='ltr'>talibus</span> <span class='ocrx_word' id='word_1_122' title='bbox 2647 2641 2896 2709; x_wconf 83' lang='lat' dir='ltr'>litteris</span> 
     </span>
     <span class='ocr_line' id='line_1_17' title="bbox 457 2708 2898 2851; baseline -0 -40"><span class='ocrx_word' id='word_1_123' title='bbox 457 2708 736 2851; x_wconf 50' lang='grc' dir='ltr'>Ξῗρῗέῗξῃ</span> <span class='ocrx_word' id='word_1_124' title='bbox 804 2743 891 2807; x_wconf 87' lang='lat' dir='ltr'>ad</span> <span class='ocrx_word' id='word_1_125' title='bbox 941 2742 1071 2807; x_wconf 87' lang='lat' dir='ltr'>alia</span> <span class='ocrx_word' id='word_1_126' title='bbox 1121 2742 1419 2807; x_wconf 86' lang='lat' dir='ltr'>coenobia</span> <span class='ocrx_word' id='word_1_127' title='bbox 1478 2742 1731 2808; x_wconf 85' lang='lat' dir='ltr'>dictum</span> <span class='ocrx_word' id='word_1_128' title='bbox 1781 2742 2118 2809; x_wconf 79' lang='lat' dir='ltr'>Simonem</span> <span class='ocrx_word' id='word_1_129' title='bbox 2170 2745 2495 2811; x_wconf 85' lang='lat' dir='ltr'>Passelew</span> <span class='ocrx_word' id='word_1_130' title='bbox 2553 2745 2898 2811; x_wconf 83' lang='lat' dir='ltr'>transmit-</span> 
     </span>
    </p>
   </div>
   <div class='ocr_carea' id='block_1_14' title="bbox 459 2840 2893 2935">
    <p class='ocr_par' dir='ltr' id='par_1_14' title="bbox 459 2840 2893 2935">
     <span class='ocr_line' id='line_1_18' title="bbox 459 2840 2893 2935; baseline 0.004 -30"><span class='ocrx_word' id='word_1_131' title='bbox 459 2856 490 2892; x_wconf 71' lang='lat'><em>8</em></span> <span class='ocrx_word' id='word_1_132' title='bbox 512 2840 702 2891; x_wconf 71' lang='lat' dir='ltr'>simum·</span> <span class='ocrx_word' id='word_1_133' title='bbox 803 2850 959 2923; x_wconf 89' lang='lat' dir='ltr'>tere,</span> <span class='ocrx_word' id='word_1_134' title='bbox 1022 2848 1104 2908; x_wconf 90' lang='lat' dir='ltr'>ut</span> <span class='ocrx_word' id='word_1_135' title='bbox 1150 2844 1325 2909; x_wconf 92' lang='lat' dir='ltr'>idem</span> <span class='ocrx_word' id='word_1_136' title='bbox 1379 2865 1544 2908; x_wconf 88' lang='lat' dir='ltr'>onus</span> <span class='ocrx_word' id='word_1_137' title='bbox 1594 2844 1897 2911; x_wconf 89' lang='lat' dir='ltr'>subirent</span> <span class='ocrx_word' id='word_1_138' title='bbox 1948 2867 2172 2911; x_wconf 87' lang='lat' dir='ltr'>eorum</span> <span class='ocrx_word' id='word_1_139' title='bbox 2225 2846 2536 2915; x_wconf 73' lang='lat' dir='ltr'>AbbateS.</span> <span class='ocrx_word' id='word_1_140' title='bbox 2629 2849 2714 2913; x_wconf 91' lang='lat' dir='ltr'>In</span> <span class='ocrx_word' id='word_1_141' title='bbox 2762 2871 2893 2935; x_wconf 88' lang='lat' dir='ltr'>quo</span> 
     </span>
    </p>
   </div>
   <div class='ocr_carea' id='block_1_15' title="bbox 457 2921 2890 3038">
    <p class='ocr_par' dir='ltr' id='par_1_15' title="bbox 457 2921 2890 3038">
     <span class='ocr_line' id='line_1_19' title="bbox 457 2921 2890 3038; baseline 0.001 -25"><span class='ocrx_word' id='word_1_142' title='bbox 457 2921 700 3024; x_wconf 49' lang='lat' dir='ltr'>ssegszffizgre,</span> <span class='ocrx_word' id='word_1_143' title='bbox 802 2947 975 3014; x_wconf 80' lang='lat' dir='ltr'>facto</span> <span class='ocrx_word' id='word_1_144' title='bbox 1036 2946 1184 3012; x_wconf 82' lang='lat' dir='ltr'>Rex</span> <span class='ocrx_word' id='word_1_145' title='bbox 1241 2968 1430 3013; x_wconf 85' lang='lat' dir='ltr'>suam</span> <span class='ocrx_word' id='word_1_146' title='bbox 1487 2969 1626 3012; x_wconf 93' lang='lat' dir='ltr'>non</span> <span class='ocrx_word' id='word_1_147' title='bbox 1682 2948 2098 3015; x_wconf 73' lang='lat' dir='ltr'>mediocriter</span> <span class='ocrx_word' id='word_1_148' title='bbox 2165 2948 2545 3038; x_wconf 87' lang='lat' dir='ltr'>denigravit</span> <span class='ocrx_word' id='word_1_149' title='bbox 2601 2950 2890 3017; x_wconf 83' lang='lat' dir='ltr'>famam:</span> 
     </span>
    </p>
   </div>
   <div class='ocr_carea' id='block_1_16' title="bbox 457 3039 2897 3346">
    <p class='ocr_par' dir='ltr' id='par_1_16' title="bbox 457 3039 2897 3346">
     <span class='ocr_line' id='line_1_20' title="bbox 457 3039 2897 3160; baseline 0.002 -45"><span class='ocrx_word' id='word_1_150' title='bbox 457 3039 671 3160; x_wconf 50' lang='grc' dir='ltr'>ἓξὲξ·</span> <span class='ocrx_word' id='word_1_151' title='bbox 801 3049 1025 3137; x_wconf 86' lang='lat' dir='ltr'>patuit</span> <span class='ocrx_word' id='word_1_152' title='bbox 1076 3049 1255 3115; x_wconf 90' lang='lat' dir='ltr'>enim</span> <span class='ocrx_word' id='word_1_153' title='bbox 1299 3050 1374 3115; x_wconf 91' lang='lat' dir='ltr'>in</span> <span class='ocrx_word' id='word_1_154' title='bbox 1431 3050 1571 3136; x_wconf 90' lang='lat' dir='ltr'>ipso</span> <span class='ocrx_word' id='word_1_155' title='bbox 1622 3049 1818 3131; x_wconf 84' lang='lat' dir='ltr'>facto,</span> <span class='ocrx_word' id='word_1_156' title='bbox 1870 3073 2071 3137; x_wconf 86' lang='lat' dir='ltr'>quam</span> <span class='ocrx_word' id='word_1_157' title='bbox 2128 3052 2432 3119; x_wconf 71' lang='lat' dir='ltr'>sitienter</span> <span class='ocrx_word' id='word_1_158' title='bbox 2491 3053 2897 3121; x_wconf 83' lang='lat' dir='ltr'>desideravit</span> 
     </span>
     <span class='ocr_line' id='line_1_21' title="bbox 804 3152 2266 3243; baseline 0.002 -25"><span class='ocrx_word' id='word_1_159' title='bbox 804 3152 1164 3219; x_wconf 79' lang='lat' dir='ltr'>Ecclesiam</span> <span class='ocrx_word' id='word_1_160' title='bbox 1206 3152 1794 3219; x_wconf 84' lang='lat' dir='ltr'>irrestaurabiliter</span> <span class='ocrx_word' id='word_1_161' title='bbox 1835 3175 2266 3243; x_wconf 72' lang='lat' dir='ltr'>praegravare.</span> 
     </span>
     <span class='ocr_line' id='line_1_22' title="bbox 459 3254 2894 3346; baseline 0.003 -27"><span class='ocrx_word' id='word_1_162' title='bbox 459 3278 707 3331; x_wconf 69' lang='lat' dir='ltr'>Passelev</span> <span class='ocrx_word' id='word_1_163' title='bbox 891 3255 1045 3343; x_wconf 88' lang='lat' dir='ltr'>Ipse</span> <span class='ocrx_word' id='word_1_164' title='bbox 1088 3255 1298 3342; x_wconf 84' lang='lat' dir='ltr'>igitur</span> <span class='ocrx_word' id='word_1_165' title='bbox 1349 3254 1602 3342; x_wconf 81' lang='lat' dir='ltr'>Symon</span> <span class='ocrx_word' id='word_1_166' title='bbox 1649 3255 1989 3337; x_wconf 85' lang='lat' dir='ltr'>Passelew,</span> <span class='ocrx_word' id='word_1_167' title='bbox 2044 3256 2317 3323; x_wconf 84' lang='lat' dir='ltr'>Domini</span> <span class='ocrx_word' id='word_1_168' title='bbox 2378 3257 2577 3346; x_wconf 87' lang='lat' dir='ltr'>Regis</span> <span class='ocrx_word' id='word_1_169' title='bbox 2628 3259 2894 3326; x_wconf 83' lang='lat' dir='ltr'>clericus</span> 
     </span>
    </p>
   </div>
   <div class='ocr_carea' id='block_1_17' title="bbox 459 3346 2892 3479">
    <p class='ocr_par' dir='ltr' id='par_1_17' title="bbox 459 3346 2892 3479">
     <span class='ocr_line' id='line_1_23' title="bbox 459 3346 2892 3479; baseline 0.003 -58"><span class='ocrx_word' id='word_1_170' title='bbox 459 3346 743 3479; x_wconf 40' lang='lat'>232⁸&amp;</span> <span class='ocrx_word' id='word_1_171' title='bbox 801 3364 870 3426; x_wconf 91' lang='lat' dir='ltr'>et</span> <span class='ocrx_word' id='word_1_172' title='bbox 898 3358 1318 3437; x_wconf 83' lang='lat' dir='ltr'>consiliarius,</span> <span class='ocrx_word' id='word_1_173' title='bbox 1349 3358 1661 3424; x_wconf 88' lang='lat' dir='ltr'>subdolus</span> <span class='ocrx_word' id='word_1_174' title='bbox 1690 3363 1760 3425; x_wconf 89' lang='lat' dir='ltr'>et</span> <span class='ocrx_word' id='word_1_175' title='bbox 1788 3358 2090 3440; x_wconf 84' lang='lat' dir='ltr'>mendax,</span> <span class='ocrx_word' id='word_1_176' title='bbox 2137 3360 2406 3447; x_wconf 88' lang='lat' dir='ltr'>cupiens</span> <span class='ocrx_word' id='word_1_177' title='bbox 2445 3361 2694 3448; x_wconf 77' lang='lat' dir='ltr'>regalia</span> <span class='ocrx_word' id='word_1_178' title='bbox 2726 3382 2892 3449; x_wconf 78' lang='lat' dir='ltr'>proe-</span> 
     </span>
    </p>
   </div>
   <div class='ocr_carea' id='block_1_18' title="bbox 458 3461 2897 3653">
    <p class='ocr_par' dir='ltr' id='par_1_18' title="bbox 458 3461 2897 3653">
     <span class='ocr_line' id='line_1_24' title="bbox 458 3461 2897 3551; baseline 0 -21"><span class='ocrx_word' id='word_1_179' title='bbox 458 3480 547 3531; x_wconf 78' lang='lat' dir='ltr'>the</span> <span class='ocrx_word' id='word_1_180' title='bbox 568 3481 746 3531; x_wconf 82' lang='lat' dir='ltr'>Abbot</span> <span class='ocrx_word' id='word_1_181' title='bbox 801 3467 1009 3550; x_wconf 83' lang='lat' dir='ltr'>cepta,</span> <span class='ocrx_word' id='word_1_182' title='bbox 1054 3462 1210 3528; x_wconf 89' lang='lat' dir='ltr'>licet</span> <span class='ocrx_word' id='word_1_183' title='bbox 1252 3461 1645 3540; x_wconf 71' lang='lat' dir='ltr'>indecentia,</span> <span class='ocrx_word' id='word_1_184' title='bbox 1691 3462 1967 3549; x_wconf 79' lang='lat' dir='ltr'>explere,</span> <span class='ocrx_word' id='word_1_185' title='bbox 1998 3462 2114 3528; x_wconf 88' lang='lat' dir='ltr'>sed</span> <span class='ocrx_word' id='word_1_186' title='bbox 2158 3484 2293 3528; x_wconf 92' lang='lat' dir='ltr'>non</span> <span class='ocrx_word' id='word_1_187' title='bbox 2339 3465 2663 3551; x_wconf 87' lang='lat' dir='ltr'>expedire,</span> <span class='ocrx_word' id='word_1_188' title='bbox 2709 3467 2897 3531; x_wconf 88' lang='lat' dir='ltr'>venit</span> 
     </span>
     <span class='ocr_line' id='line_1_25' title="bbox 460 3545 2897 3653; baseline 0.001 -21"><span class='ocrx_word' id='word_1_189' title='bbox 460 3547 564 3597; x_wconf 52' lang='grc' dir='ltr'>’Μ</span> <span class='ocrx_word' id='word_1_190' title='bbox 585 3545 718 3598; x_wconf 74' lang='lat'>⁰⁰¹¹·</span> <span class='ocrx_word' id='word_1_191' title='bbox 802 3566 1140 3633; x_wconf 86' lang='lat' dir='ltr'>waltham</span> <span class='ocrx_word' id='word_1_192' title='bbox 1191 3564 1624 3650; x_wconf 82' lang='lat' dir='ltr'>festinanter3</span> <span class='ocrx_word' id='word_1_193' title='bbox 1698 3570 1768 3629; x_wconf 88' lang='lat' dir='ltr'>et</span> <span class='ocrx_word' id='word_1_194' title='bbox 1820 3564 2172 3631; x_wconf 86' lang='lat' dir='ltr'>ostendens</span> <span class='ocrx_word' id='word_1_195' title='bbox 2225 3566 2425 3653; x_wconf 82' lang='lat' dir='ltr'>Regis</span> <span class='ocrx_word' id='word_1_196' title='bbox 2474 3567 2734 3633; x_wconf 82' lang='lat' dir='ltr'>litteras</span> <span class='ocrx_word' id='word_1_197' title='bbox 2785 3569 2897 3635; x_wconf 86' lang='lat' dir='ltr'>de-</span> 
     </span>
    </p>
   </div>
   <div class='ocr_carea' id='block_1_19' title="bbox 460 3613 666 3663">
    <p class='ocr_par' dir='ltr' id='par_1_19' title="bbox 460 3613 666 3663">
     <span class='ocr_line' id='line_1_26' title="bbox 460 3613 666 3663; baseline 0.005 -1"><span class='ocrx_word' id='word_1_198' title='bbox 460 3618 584 3663; x_wconf 82' lang='lat' dir='ltr'>vent</span> <span class='ocrx_word' id='word_1_199' title='bbox 603 3613 666 3663; x_wconf 83' lang='lat' dir='ltr'>of</span> 
     </span>
    </p>
   </div>
   <div class='ocr_carea' id='block_1_20' title="bbox 458 3667 2898 4372">
    <p class='ocr_par' dir='ltr' id='par_1_20' title="bbox 459 3667 2898 3755">
     <span class='ocr_line' id='line_1_27' title="bbox 459 3667 2898 3755; baseline 0.003 -26"><span class='ocrx_word' id='word_1_200' title='bbox 459 3678 735 3743; x_wconf 76' lang='lat' dir='ltr'>Walthm,</span> <span class='ocrx_word' id='word_1_201' title='bbox 805 3668 1212 3755; x_wconf 69' lang='lat' dir='ltr'>precatoriae,</span> <span class='ocrx_word' id='word_1_202' title='bbox 1271 3671 1350 3732; x_wconf 90' lang='lat' dir='ltr'>ut</span> <span class='ocrx_word' id='word_1_203' title='bbox 1408 3667 1619 3732; x_wconf 90' lang='lat' dir='ltr'>simile</span> <span class='ocrx_word' id='word_1_204' title='bbox 1668 3689 1832 3734; x_wconf 91' lang='lat' dir='ltr'>onus</span> <span class='ocrx_word' id='word_1_205' title='bbox 1890 3667 2019 3733; x_wconf 88' lang='lat' dir='ltr'>sibi</span> <span class='ocrx_word' id='word_1_206' title='bbox 2077 3668 2479 3755; x_wconf 85' lang='lat' dir='ltr'>susciperent</span> <span class='ocrx_word' id='word_1_207' title='bbox 2535 3668 2768 3737; x_wconf 85' lang='lat' dir='ltr'>Abbas</span> <span class='ocrx_word' id='word_1_208' title='bbox 2825 3676 2898 3737; x_wconf 84' lang='lat' dir='ltr'>et</span> 
     </span>
    </p>

    <p class='ocr_par' dir='ltr' id='par_1_21' title="bbox 458 3744 2896 3862">
     <span class='ocr_line' id='line_1_28' title="bbox 458 3744 2896 3862; baseline 0 -24"><span class='ocrx_word' id='word_1_209' title='bbox 458 3744 572 3861; x_wconf 50' lang='lat' dir='ltr'>Qu</span> <span class='ocrx_word' id='word_1_210' title='bbox 587 3746 723 3862; x_wconf 56' lang='lat' dir='ltr'>ffi</span> <span class='ocrx_word' id='word_1_211' title='bbox 806 3771 1193 3838; x_wconf 71' lang='lat' dir='ltr'>Conventus</span> <span class='ocrx_word' id='word_1_212' title='bbox 1253 3771 1334 3836; x_wconf 88' lang='lat' dir='ltr'>de</span> <span class='ocrx_word' id='word_1_213' title='bbox 1394 3769 1749 3851; x_wconf 78' lang='lat' dir='ltr'>waltham,</span> <span class='ocrx_word' id='word_1_214' title='bbox 1812 3770 1988 3856; x_wconf 90' lang='lat' dir='ltr'>quod</span> <span class='ocrx_word' id='word_1_215' title='bbox 2047 3770 2276 3836; x_wconf 86' lang='lat' dir='ltr'>Abbas</span> <span class='ocrx_word' id='word_1_216' title='bbox 2323 3771 2896 3839; x_wconf 78' lang='lat' dir='ltr'>westmonasterii</span> 
     </span>
    </p>

    <p class='ocr_par' dir='ltr' id='par_1_22' title="bbox 460 3865 2891 3960">
     <span class='ocr_line' id='line_1_29' title="bbox 460 3865 2891 3960; baseline -0 -17"><span class='ocrx_word' id='word_1_217' title='bbox 460 3878 595 3943; x_wconf 80' lang='lat' dir='ltr'>larly</span> <span class='ocrx_word' id='word_1_218' title='bbox 618 3880 702 3930; x_wconf 75' lang='lat' dir='ltr'>bo-</span> <span class='ocrx_word' id='word_1_219' title='bbox 805 3874 936 3940; x_wconf 87' lang='lat' dir='ltr'>sibi</span> <span class='ocrx_word' id='word_1_220' title='bbox 979 3877 1347 3960; x_wconf 85' lang='lat' dir='ltr'>susceperat</span> <span class='ocrx_word' id='word_1_221' title='bbox 1391 3865 1671 3960; x_wconf 84' lang='lat' dir='ltr'>benigne</span> <span class='ocrx_word' id='word_1_222' title='bbox 1715 3871 2166 3958; x_wconf 87' lang='lat' dir='ltr'>bajulandum,</span> <span class='ocrx_word' id='word_1_223' title='bbox 2216 3873 2546 3953; x_wconf 86' lang='lat' dir='ltr'>videlicet,</span> <span class='ocrx_word' id='word_1_224' title='bbox 2607 3880 2688 3940; x_wconf 88' lang='lat' dir='ltr'>ut</span> <span class='ocrx_word' id='word_1_225' title='bbox 2731 3874 2891 3942; x_wconf 89' lang='lat' dir='ltr'>fide-</span> 
     </span>
    </p>

    <p class='ocr_par' dir='ltr' id='par_1_23' title="bbox 458 3959 2890 4372">
     <span class='ocr_line' id='line_1_30' title="bbox 458 3959 2890 4077; baseline 0 -34"><span class='ocrx_word' id='word_1_226' title='bbox 458 3959 646 4077; x_wconf 52' lang='grc' dir='ltr'>ἓξὲξ,</span> <span class='ocrx_word' id='word_1_227' title='bbox 794 3978 1061 4064; x_wconf 88' lang='lat' dir='ltr'>juberet</span> <span class='ocrx_word' id='word_1_228' title='bbox 1127 3998 1245 4063; x_wconf 90' lang='lat' dir='ltr'>per</span> <span class='ocrx_word' id='word_1_229' title='bbox 1315 3975 1575 4041; x_wconf 84' lang='lat' dir='ltr'>litteras</span> <span class='ocrx_word' id='word_1_230' title='bbox 1642 3997 1811 4055; x_wconf 86' lang='lat' dir='ltr'>suas,</span> <span class='ocrx_word' id='word_1_231' title='bbox 1877 3978 1947 4042; x_wconf 89' lang='lat' dir='ltr'>et</span> <span class='ocrx_word' id='word_1_232' title='bbox 2021 3975 2420 4057; x_wconf 81' lang='lat' dir='ltr'>Conventus,</span> <span class='ocrx_word' id='word_1_233' title='bbox 2487 3976 2563 4042; x_wconf 89' lang='lat' dir='ltr'>in</span> <span class='ocrx_word' id='word_1_234' title='bbox 2635 3977 2890 4044; x_wconf 86' lang='lat' dir='ltr'>duobus</span> 
     </span>
     <span class='ocr_line' id='line_1_31' title="bbox 802 4077 2887 4173; baseline 0 -27"><span class='ocrx_word' id='word_1_235' title='bbox 802 4081 1097 4146; x_wconf 82' lang='lat' dir='ltr'>millibus</span> <span class='ocrx_word' id='word_1_236' title='bbox 1141 4085 1211 4145; x_wconf 88' lang='lat' dir='ltr'>et</span> <span class='ocrx_word' id='word_1_237' title='bbox 1254 4077 1634 4173; x_wconf 78' lang='lat' dir='ltr'>quingentis</span> <span class='ocrx_word' id='word_1_238' title='bbox 1691 4078 1944 4159; x_wconf 84' lang='lat' dir='ltr'>marcis,</span> <span class='ocrx_word' id='word_1_239' title='bbox 2005 4100 2125 4165; x_wconf 85' lang='lat' dir='ltr'>pro</span> <span class='ocrx_word' id='word_1_240' title='bbox 2168 4079 2350 4166; x_wconf 87' lang='lat' dir='ltr'>Rege</span> <span class='ocrx_word' id='word_1_241' title='bbox 2400 4080 2887 4166; x_wconf 81' lang='lat' dir='ltr'>persolvendis3</span> 
     </span>
     <span class='ocr_line' id='line_1_32' title="bbox 802 4181 2888 4270; baseline -0 -20"><span class='ocrx_word' id='word_1_242' title='bbox 802 4184 1219 4269; x_wconf 87' lang='lat' dir='ltr'>ostenditque</span> <span class='ocrx_word' id='word_1_243' title='bbox 1262 4181 1544 4247; x_wconf 86' lang='lat' dir='ltr'>Abbatis</span> <span class='ocrx_word' id='word_1_244' title='bbox 1589 4181 2156 4247; x_wconf 80' lang='lat' dir='ltr'>westmonasterii</span> <span class='ocrx_word' id='word_1_245' title='bbox 2196 4181 2456 4249; x_wconf 80' lang='lat' dir='ltr'>litteras</span> <span class='ocrx_word' id='word_1_246' title='bbox 2507 4204 2704 4270; x_wconf 83' lang='lat' dir='ltr'>super</span> <span class='ocrx_word' id='word_1_247' title='bbox 2742 4183 2888 4262; x_wconf 87' lang='lat' dir='ltr'>hoc,</span> 
     </span>
     <span class='ocr_line' id='line_1_33' title="bbox 801 4283 2263 4372; baseline -0.003 -19"><span class='ocrx_word' id='word_1_248' title='bbox 801 4291 870 4353; x_wconf 94' lang='lat' dir='ltr'>et</span> <span class='ocrx_word' id='word_1_249' title='bbox 917 4286 1320 4365; x_wconf 81' lang='lat' dir='ltr'>Conventus,</span> <span class='ocrx_word' id='word_1_250' title='bbox 1365 4288 1670 4372; x_wconf 79' lang='lat' dir='ltr'>patentes</span> <span class='ocrx_word' id='word_1_251' title='bbox 1711 4288 1782 4350; x_wconf 89' lang='lat' dir='ltr'>et</span> <span class='ocrx_word' id='word_1_252' title='bbox 1827 4283 2263 4371; x_wconf 83' lang='lat' dir='ltr'>consignatas.</span> 
     </span>
    </p>
   </div>
   <div class='ocr_carea' id='block_1_21' title="bbox 453 4385 2900 4593">
    <p class='ocr_par' dir='ltr' id='par_1_24' title="bbox 453 4385 2900 4593">
     <span class='ocr_line' id='line_1_34' title="bbox 453 4385 2900 4475; baseline -0 -21"><span class='ocrx_word' id='word_1_253' title='bbox 453 4394 634 4475; x_wconf 57' lang='lat' dir='ltr'>Ahqm</span> <span class='ocrx_word' id='word_1_254' title='bbox 893 4389 1087 4470; x_wconf 85' lang='lat' dir='ltr'>Quod</span> <span class='ocrx_word' id='word_1_255' title='bbox 1131 4411 1280 4455; x_wconf 87' lang='lat' dir='ltr'>cum</span> <span class='ocrx_word' id='word_1_256' title='bbox 1323 4387 1614 4454; x_wconf 85' lang='lat' dir='ltr'>intuitus</span> <span class='ocrx_word' id='word_1_257' title='bbox 1658 4387 1686 4426; x_wconf 74' lang='lat'>²</span> <span class='ocrx_word' id='word_1_258' title='bbox 1707 4386 1932 4474; x_wconf 89' lang='lat' dir='ltr'>[esset]</span> <span class='ocrx_word' id='word_1_259' title='bbox 1983 4385 2211 4451; x_wconf 87' lang='lat' dir='ltr'>Abbas</span> <span class='ocrx_word' id='word_1_260' title='bbox 2257 4386 2341 4452; x_wconf 87' lang='lat' dir='ltr'>de</span> <span class='ocrx_word' id='word_1_261' title='bbox 2370 4385 2735 4470; x_wconf 87' lang='lat' dir='ltr'>waltham,</span> <span class='ocrx_word' id='word_1_262' title='bbox 2781 4408 2900 4453; x_wconf 82' lang='lat' dir='ltr'>ex-</span> 
     </span>
     <span class='ocr_line' id='line_1_35' title="bbox 453 4462 2899 4593; baseline -0.002 -32"><span class='ocrx_word' id='word_1_263' title='bbox 453 4462 747 4593; x_wconf 47' lang='grc' dir='ltr'>ξξῃὲξβωᾶ</span> <span class='ocrx_word' id='word_1_264' title='bbox 801 4493 993 4578; x_wconf 83' lang='lat' dir='ltr'>pavit</span> <span class='ocrx_word' id='word_1_265' title='bbox 1064 4489 1487 4557; x_wconf 85' lang='lat' dir='ltr'>vehementer</span> <span class='ocrx_word' id='word_1_266' title='bbox 1520 4515 1551 4571; x_wconf 40' lang='lat'>;‘</span> <span class='ocrx_word' id='word_1_267' title='bbox 1611 4488 2197 4576; x_wconf 84' lang='lat' dir='ltr'>sciscitabaturque</span> <span class='ocrx_word' id='word_1_268' title='bbox 2262 4489 2349 4554; x_wconf 86' lang='lat' dir='ltr'>ab</span> <span class='ocrx_word' id='word_1_269' title='bbox 2422 4511 2516 4570; x_wconf 89' lang='lat' dir='ltr'>eo,</span> <span class='ocrx_word' id='word_1_270' title='bbox 2592 4489 2650 4555; x_wconf 87' lang='lat' dir='ltr'>si</span> <span class='ocrx_word' id='word_1_271' title='bbox 2730 4491 2899 4557; x_wconf 81' lang='lat' dir='ltr'>tales</span> 
     </span>
    </p>
   </div>
   <div class='ocr_carea' id='block_1_22' title="bbox 452 4595 2898 4834">
    <p class='ocr_par' dir='ltr' id='par_1_25' title="bbox 452 4595 2898 4834">
     <span class='ocr_line' id='line_1_36' title="bbox 452 4595 646 4648; baseline 0.005 -1"><span class='ocrx_word' id='word_1_272' title='bbox 452 4595 646 4648; x_wconf 81' lang='lat' dir='ltr'>Abbot.</span> 
     </span>
     <span class='ocr_line' id='line_1_37' title="bbox 865 4684 2898 4752; baseline 0.002 -16"><span class='ocrx_word' id='word_1_273' title='bbox 865 4688 882 4719; x_wconf 88' lang='lat'><strong>¹</strong></span> <span class='ocrx_word' id='word_1_274' title='bbox 905 4690 937 4717; x_wconf 78' lang='lat'>‘⁴</span> <span class='ocrx_word' id='word_1_275' title='bbox 954 4688 1276 4752; x_wconf 77' lang='lat' dir='ltr'>impetravit,”</span> <span class='ocrx_word' id='word_1_276' title='bbox 1299 4702 1358 4738; x_wconf 86' lang='lat' dir='ltr'>or</span> <span class='ocrx_word' id='word_1_277' title='bbox 1379 4704 1412 4738; x_wconf 84' lang='lat' dir='ltr'>a</span> <span class='ocrx_word' id='word_1_278' title='bbox 1441 4687 1633 4738; x_wconf 75' lang='lat' dir='ltr'>similar</span> <span class='ocrx_word' id='word_1_279' title='bbox 1652 4688 1809 4749; x_wconf 79' lang='lat' dir='ltr'>word,</span> <span class='ocrx_word' id='word_1_280' title='bbox 1957 4684 1980 4718; x_wconf 77' lang='lat'>²</span> <span class='ocrx_word' id='word_1_281' title='bbox 2004 4686 2227 4739; x_wconf 79' lang='lat' dir='ltr'>Omitted</span> <span class='ocrx_word' id='word_1_282' title='bbox 2246 4686 2300 4737; x_wconf 83' lang='lat' dir='ltr'>in</span> <span class='ocrx_word' id='word_1_283' title='bbox 2323 4686 2436 4739; x_wconf 82' lang='lat' dir='ltr'>MS.</span> <span class='ocrx_word' id='word_1_284' title='bbox 2454 4686 2700 4740; x_wconf 68' lang='lat' dir='ltr'>claudius</span> <span class='ocrx_word' id='word_1_285' title='bbox 2718 4688 2782 4741; x_wconf 77' lang='lat' dir='ltr'>E.</span> <span class='ocrx_word' id='word_1_286' title='bbox 2803 4687 2898 4752; x_wconf 83' lang='lat' dir='ltr'>iv.;</span> 
     </span>
     <span class='ocr_line' id='line_1_38' title="bbox 793 4694 2712 4834; baseline -0.001 -14"><span class='ocrx_word' id='word_1_287' title='bbox 793 4769 840 4820; x_wconf 80' lang='lat' dir='ltr'>is</span> <span class='ocrx_word' id='word_1_288' title='bbox 863 4767 1153 4832; x_wconf 80' lang='lat' dir='ltr'>apparently</span> <span class='ocrx_word' id='word_1_289' title='bbox 1175 4765 1399 4832; x_wconf 70' lang='lat' dir='ltr'>wanting</span> <span class='ocrx_word' id='word_1_290' title='bbox 1418 4756 1561 4818; x_wconf 58' lang='lat' dir='ltr'>hera</span> <span class='ocrx_word' id='word_1_291' title='bbox 1849 4694 1862 4829; x_wconf 81' lang='grc' dir='ltr'>Ι</span> <span class='ocrx_word' id='word_1_292' title='bbox 1892 4768 2120 4834; x_wconf 79' lang='lat' dir='ltr'>supplied</span> <span class='ocrx_word' id='word_1_293' title='bbox 2138 4766 2271 4820; x_wconf 79' lang='lat' dir='ltr'>from</span> <span class='ocrx_word' id='word_1_294' title='bbox 2290 4767 2534 4820; x_wconf 70' lang='lat' dir='ltr'>Matthew</span> <span class='ocrx_word' id='word_1_295' title='bbox 2555 4766 2712 4821; x_wconf 78' lang='lat' dir='ltr'>Paris.</span> 
     </span>
    </p>
   </div>
   <div class='ocr_carea' id='block_1_23' title="bbox 3391 3842 3392 5374">
    <p class='ocr_par' dir='ltr' id='par_1_26' title="bbox 3391 3842 3392 5374">
     <span class='ocr_line' id='line_1_39' title="bbox 3391 3842 3392 5374; baseline 0 0"><span class='ocrx_word' id='word_1_296' title='bbox 3391 3842 3392 5374; x_wconf 95' lang='lat' dir='ltr'> </span> 
     </span>
    </p>
   </div>
  </div>
 </body>
</html>
