3450 5717
773 816 907 886 150
941 790 946 797 ¹
1540 822 1756 883 ulma
1798 822 2133 880 Anna-mn

504 1085 715 1205 Βῗξξὲ-ι,
1369 1054 1827 1150 Αῑζῳαὺἰοηεε
1869 1080 2099 1130 coram
2140 1054 2328 1149 Reye.

516 1220 765 1338 {¹32⁰
882 1236 1031 1304 Rex
1074 1234 1316 1313 autem,
1385 1233 1682 1300 residens
1725 1233 1800 1299 in
1847 1229 1866 1269 ¹
1901 1231 2171 1321 Capella
2215 1230 2479 1299 Sanctae
2547 1229 2894 1298 Katerinae

489 1359 735 1405 1151-66.
791 1340 969 1427 apud
1012 1337 1693 1418 westmonasterium,
1761 1358 1911 1403 cum
1972 1334 2415 1402 universitate
2457 1339 2600 1401 tam
2662 1332 2899 1399 Archi-

453 1447 678 1540 abt}-
793 1443 1240 1530 episcoporum
1285 1458 1485 1526 quam
1564 1438 2040 1529 Episcoporum
2119 1443 2322 1526 atque
2396 1426 2755 1515 Abbatum,
2830 1440 2901 1501 et

455 1554 649 1607 Robert
669 1570 758 1620 ap-
794 1546 1074 1612 aliorum
1118 1543 1516 1631 optimatum
1582 1542 1790 1630 regni,
1838 1539 2223 1621 Robertum,
2288 1536 2625 1607 Abbatem
2670 1538 2901 1606 Sancti

451 1621 774 1754 ffssffifg’oe
795 1648 1064 1732 Albani,
1128 1670 1351 1716 coram
1395 1647 1722 1730 omnibus,
1786 1668 1904 1713 suo
1949 1645 2327 1735 conspectui
2391 1644 2593 1734 jussit
2667 1647 2900 1710 astare.

456 1762 511 1806 at
531 1755 699 1807 west·
798 1752 1089 1822 Sedebat
1133 1750 1290 1818 hinc
1342 1750 1705 1839 Episcopus
1749 1742 2245 1828 Lincolniensis,
2312 1770 2462 1815 cum
2524 1746 2676 1829 suis,
2743 1745 2901 1813 inde

454 1820 673 1875 minster.
794 1857 1027 1924 Abbas
1101 1852 1518 1920 Laurentius.
1632 1852 1893 1940 Itaque,
1923 1848 2152 1919 Abbas
2182 1849 2902 1920 westmonasteriensis

792 1961 1030 2027 Latine
1090 1963 1480 2046 prosecutus
1548 1961 1650 2024 est
1718 1958 1802 2023 de
1864 1956 2146 2044 antiqua
2208 1956 2536 2043 dignitate
2595 1952 2902 2020 Ecclesiae

790 2061 1022 2130 Sancti
1065 2060 1324 2141 Albani,
1375 2064 1442 2127 et
1486 2058 1570 2126 de
1613 2058 1932 2147 religione
1974 2057 2123 2141 loci,
2187 2063 2256 2125 et
2298 2057 2383 2125 118
2424 2057 2602 2124 malo
2644 2061 2904 2145 pertur-

788 2163 1077 2232 bationis
1156 2184 1290 2250 quo
1364 2162 1835 2229 monachorum
1908 2184 2044 2250 pax
2117 2161 2509 2228 infestatur:
2588 2162 2658 2226 et
2724 2159 2903 2246 quod

790 2267 941 2334 ideo
986 2265 1251 2331 indulta
1313 2270 1472 2332 sunt
1533 2264 1854 2352 religiosis
1916 2263 2074 2330 locis
2135 2263 2481 2353 privilegia
2524 2260 2898 2351 singularia,

792 2375 875 2437 ut
917 2370 1084 2458 paci,
1129 2366 1394 2447 scilicet,
1441 2367 1911 2455 claustralium,
1956 2365 2352 2434 consulatur.

459 2490 543 2546 He
515 2500 773 2561 erequests
885 2472 1089 2537 Porro
1153 2467 1382 2536 Abbas
1448 2468 1795 2549 Robertus,
1864 2469 2093 2536 volens
2150 2468 2397 2536 instare
2439 2468 2726 2557 negotio,
2789 2468 2906 2534 sed

461 2561 758 2679 ξζὲξξῖωὲ
697 2599 775 2680 ovi
761 2570 1041 2642 timens
1108 2590 1192 2639 ne
1267 2572 1693 2660 postmodum
1751 2571 1949 2660 hujus
2008 2589 2219 2639 causae
2277 2572 2464 2638 litem
2524 2572 2610 2637 ab
2660 2570 2904 2638 eisdem

461 2696 747 2755 sthenessful
791 2676 1127 2766 judicibus
1169 2676 1569 2741 auctoritate
1617 2675 2006 2762 Apostolica
2049 2675 2352 2762 prosequi
2391 2673 2905 2762 compelleretur,

461 2762 529 2879 ξξ
548 2768 844 2919 ἛἛξὲῑκ
802 2802 1020 2847 coram
1078 2774 1260 2867 Rege
1311 2777 1598 2859 adstans,
1647 2777 1932 2865 adjecit3
1933 2785 2041 2829 —‘
2044 2776 2365 2844 ‘Domine
2411 2776 2579 2860 Rex,
2612 2798 2695 2843 ex
2717 2775 2909 2863 jussu

463 2902 519 2946 to
487 2895 689 2960 oplead
803 2884 1111 2948 “vestro
1169 2879 1403 2946 adsum
1459 2900 1680 2946 coram
1737 2880 1945 2961 vobis,
2000 2878 2401 2968 allegaturus
2459 2879 2541 2946 de
2597 2878 2907 2947 libertate

463 2961 1171 3079 111’ξιθζζζξζ’ξ“888188188
1199 2983 1367 3049 mihi
1414 2984 1795 3051 commissae.
1885 2983 2147 3051 Adsum
2199 2985 2400 3051 etiam
2434 2985 2676 3051 citatus
2733 3007 2777 3049 a
2794 2984 2906 3072 ju-

465 3094 829 3226 ξιέιιεᾶὲεῐω·
699 3094 825 3146 ors
828 3087 1144 3154 ‘dicibus
1173 3110 1215 3153 a
1243 3085 1513 3153 Summo
1562 3086 1880 3154 Pontiflce
1912 3086 2244 3176 delegatis,
2308 3091 2635 3175 quatenus
2692 3106 2909 3154 coram

533 3236 607 3279 ω,
628 3228 688 3280 of
702 3196 852 3281 the“
893 3189 1052 3278 ipsis
1111 3188 1475 3277 allegarem.
1584 3188 1864 3255 Paratus
1920 3191 2148 3277 itaque
2204 3208 2365 3268 sum,
2420 3194 2489 3256 et
2546 3190 2911 3257 instructus

464 3244 625 3361 ff'ape-
810 3288 1304 3372 “sufficienter,
1353 3291 1442 3358 ad
1483 3297 1839 3380 111311111111118
1896 3314 2161 3380 parere·
2144 3344 2160 3374 ‚
2238 3290 2562 3374 videlicet,
2609 3292 2911 3359 citationi

741 3432 744 3437 -
803 3402 843 3435 “
885 3399 1148 3474 vestrae,
1211 3399 1415 3482 atque
1491 3394 1768 3481 imperio
1844 3393 2291 3483 delegatorum
2351 3395 2668 3482 judicum.
2777 3395 2912 3462 Sed

806 3504 844 3536 “
885 3520 1094 3564 unum
1152 3504 1326 3586 peto.
1451 3498 1645 3578 Quod
1706 3497 1765 3563 si
1822 3498 1897 3564 in
1955 3492 2301 3565 audientia
2359 3503 2583 3565 vestra
2623 3497 2908 3565 liberta-

804 3609 844 3640 “
887 3606 1025 3669 tem
1072 3598 1355 3669 ecclesiae
1399 3622 1564 3668 meae
1610 3601 2030 3668 declaravero
2077 3606 2147 3669 et
2190 3603 2461 3682 evicero,
2503 3625 2589 3669 ne
2637 3622 2744 3669 me
2803 3624 2906 3669 co-

807 3714 844 3743 “
885 3698 1109 3772 artent
1167 3704 1422 3791 judices
1501 3701 1792 3792 delegati
1865 3704 2107 3771 iterato
2189 3704 2453 3793 litigare
2535 3704 2618 3771 de
2689 3704 2907 3773 evicta

809 3810 849 3847 “
893 3804 1261 3875 libertate?

478 3918 589 3971 The
609 3919 749 3986 King
900 3911 1085 3978 Tunc
1143 3910 1307 3988 Rex,
1360 3908 1786 3997 prudentiam
1846 3909 2004 3996 ejus,
2060 3930 2207 3976 cum
2260 3910 2696 3999 optimatibus
2752 3910 2907 3994 suis,

477 4002 669 4103 'pss'ssv
662 4002 779 4118 {sto-
813 4013 1164 4094 admirans,
1221 4012 1309 4078 ad
1337 4010 1923 4130 Archiepiscopum
1982 4012 2302 4079 Thomam
2364 4013 2910 4080 cantuariensem

476 4119 710 4186 position.
813 4136 1181 4197 conversus,
1234 4115 1349 4194 ait,
1350 4113 1713 4181 —sedebat
1774 4116 1951 4181 enim
1996 4115 2145 4182 Rex
2204 4115 2460 4182 medius
2518 4116 2696 4183 inter
2753 4138 2912 4182 eun-

814 4220 966 4286 dem
1024 4216 1600 4305 Archiepiscopum
1661 4217 1985 4283 Thomam
2036 4222 2105 4284 et
2164 4216 2494 4306 Rogerum
2554 4219 2637 4285 de
2697 4218 2913 4286 Ponte

813 4320 1138 4409 Episcopi,
1200 4319 1676 4413 Elgoracensem
1721 4318 2457 4408 Archiepiscopum,—“
2499 4321 2694 4401 Quod
2752 4321 2917 4388 dicit

809 4429 847 4459 “
891 4422 1135 4503 Abbae,
1183 4422 1434 4488 rationi
1478 4426 1994 4489 consentaneum
2038 4429 2157 4490 est.
2248 4423 2486 4512 Neque
2530 4425 2706 4490 8111111
2765 4446 2915 4491 1108-

809 4529 848 4562 “
893 4530 1018 4592 trae
1056 4524 1391 4613 majestati
1415 4524 1850 4595 honorificum
1877 4524 2065 4607 foret,
2110 4525 2170 4592 si
2196 4526 2279 4592 118
2306 4527 2381 4593 111
2406 4526 2656 4616 palatio
2685 4533 2913 4594 nostro

1526 4752 1544 4785 ¹
1571 4750 1826 4819 Capellam
1846 4752 1904 4804 in
1925 4750 2117 4807 Wats’s
2137 4756 2264 4808 text.
