3450 5717
1123 1332 1863 1415 APPENDIX
1932 1336 2096 1417 (A).

1412 1522 1569 1535 -Wrx--n
1581 1523 1804 1539 σοι-,ΜΝ

628 1660 1008 1718 Gomosmou
1045 1676 1203 1718 ms
1237 1677 1505 1718 servvs-nn
1542 1678 1652 1719 rma
1687 1664 1908 1719 Btsnor
1943 1678 2010 1718 or
2045 1664 2301 1719 meom
2338 1679 2453 1720 mn
2490 1680 2600 1721 rm:
2650 1670 2655 1677 '

1237 1747 1442 1803 Anser
1478 1762 1547 1803 or
1581 1747 1677 1805 Str.
1716 1747 1991 1804 Amm’s.
2474 1766 2477 1775 ·
2649 1753 2656 1761 ’

690 1868 865 1925 From
897 1869 986 1926 the
1013 1873 1050 1897 “
1072 1869 1340 1926 Historia
1374 1869 1627 1942 Major,'’
1666 1888 1726 1924 or
1756 1874 1793 1898 ‘⁴
1812 1870 2102 1926 Chronica
2135 1871 2423 1944 Majora,”
2461 1873 2526 1943 of

910 1952 1176 2009 Matthcw
1192 1954 1367 2009 Paris
1396 1953 1635 2024 (Wats’s
1659 1953 1939 2041 Edition),
1969 1973 2014 2009 s.
2034 1974 2088 2010 a.
2116 1954 2307 2011 ¹1162.
2347 2018 2351 2023 .

1199 2048 1340 2121 [See
1363 2067 1548 2122 pages
1574 2050 1698 2115 156,
1727 2050 1852 2115 157,
1881 2048 2052 2121 anta]

571 2151 752 2208 Τόπον
782 2151 1184 2207 transactionis
1224 2151 1350 2205 litis
1386 2169 1510 2223 (μω
1546 2155 1665 2206 erat
1700 2151 1849 2205 inter
1882 2151 2200 2207 Ecclesiam
2221 2151 2671 2209 Lmozniemem

1119 2239 1169 2290 et
1202 2234 1620 2290 Monasteraom
1655 2234 1857 2292 Sancti
1889 2236 2121 2291 Albani.
2648 2262 2653 2268 ·

562 2358 568 2365 ·
635 2340 768 2396 Hoc
806 2357 956 2395 anno
982 2337 1161 2411 [A.D.
1192 2340 1357 2409 1162]
1401 2341 1593 2413 sopita
1631 2346 1723 2397 est
1764 2340 2075 2407 discordia,
2123 2348 2186 2398 at
2225 2341 2523 2397 amicabili
2554 2343 2668 2398 fine

564 2424 892 2489 terminata,
931 2424 1086 2479 inter
1132 2423 1462 2480 Ecclesiam
1502 2424 1972 2481 Lincolniensem
2015 2432 2076 2481 et
2113 2425 2457 2481 Coenobium
2498 2426 2669 2482 Beati

565 2507 796 2573 Albani,
837 2507 1294 2579 Protomartyris
1330 2508 1682 2579 Anglorum,
1723 2509 1980 2565 Roberto
2017 2510 2090 2564 de
2126 2509 2491 2576 ²Cheisneto,
2531 2511 2670 2582 Epi-

567 2610 758 2664 scopn,
787 2598 1017 2664 agente,
1045 2597 1106 2646 et
1128 2591 1384 2647 Roberto
1422 2592 1494 2647 de
1522 2592 1798 2660 Gorham,
1831 2593 2060 2649 Abbate
2086 2593 2158 2647 de
2186 2594 2397 2650 Sancto
2419 2594 2667 2659 Albam,

567 2675 936 2741 defendente,
983 2677 1045 2730 in
1081 2677 1401 2747 praesentia
1441 2676 1626 2748 Regis
1665 2677 1917 2732 Hemici
1959 2677 2233 2743 Secundi,
2273 2685 2335 2734 et
2368 2678 2672 2750 Archiepi-

568 2778 893 2832 scoporum,
917 2760 1154 2816 Thomae
1192 2760 1629 2817 Cantuariensis
1667 2767 1728 2816 et
1764 2761 1986 2833 Rogeri
2022 2761 2423 2828 Eboracensis,
2453 2768 2513 2818 et
2534 2763 2673 2833 Epi-

567 2863 891 2918 scoporum,
931 2844 1178 2900 Henrici
1199 2844 1637 2911 wintoniensis,
1665 2845 1952 2901 Willelmi
1975 2844 2389 2912 Norwicensis‚
2420 2846 2459 2901 J
2462 2846 2672 2902 ocelini

570 2929 1036 2994 saresbiriensis,
1101 2928 1519 2984 Bartholomaei
1573 2929 1939 2997 Exoniensis,
1992 2930 2213 2985 Hilarii
2263 2929 2667 2997 Cicestrensis,

566 3013 841 3086 Hugonis
883 3012 1317 3078 Dunelmensis,
1357 3012 1639 3069 Richardi
1677 3013 2112 3081 coventrensis,
2160 3014 2447 3070 Gileberti
2486 3015 2673 3072 Here-

565 3098 877 3165 fordensis‚
904 3104 966 3153 et
989 3097 1296 3153 Godefridi
1317 3097 1391 3153 de
1418 3097 1631 3154 Sancto
1654 3097 1877 3171 Asaph,
1904 3104 2190 3170 proesente
2215 3099 2391 3157 etiam
2416 3099 2673 3155 Roberto

569 3180 798 3241 Comite
858 3181 1321 3254 Legecestrensi,
1399 3181 1741 3238 Justiciario
1798 3181 2052 3253 Angliae,
2117 3201 2249 3237 cum
2285 3232 2291 3237 .
2323 3183 2668 3256 comitibus,

566 3265 912 3332 Batonibus,
938 3265 1287 3331 Abbatibus‚
1313 3265 1786 3333 Archidiaconis,
1827 3272 1888 3322 et
1922 3266 2229 3322 innumera
2267 3267 2442 3323 turba
2469 3268 2666 3338 regni,

568 3351 723 3423 apud
759 3351 1363 3418 westmonasterium,
1407 3349 1558 3407 feria
1596 3348 1825 3422 quinta
1844 3350 2110 3423 proxima
2158 3356 2291 3406 ante
2329 3350 2671 3407 Passionem

568 3434 825 3500 Domini,
851 3436 916 3490 in
937 3435 1091 3490 hunc
1114 3433 1351 3490 modum
1369 3438 1502 3490 :-“
1521 3434 1834 3500 Robertus‚
1865 3434 1977 3490 Dei
2004 3435 2216 3508 gratia,
2244 3433 2670 3491 Lincolniensis

572 3522 612 3550 ‘⁴
648 3519 994 3591 Episcopus,
1037 3518 1304 3575 omnibus
1353 3524 1567 3574 sanctae
1613 3517 1825 3575 Matris
1873 3518 2154 3574 Ecclesiae
2215 3519 2354 3574 filiis
2403 3519 2668 3575 salutem.

574 3606 614 3633 ‘⁴
650 3603 874 3660 Notum
922 3605 1002 3660 sit
1047 3602 1416 3659 universitati
1474 3609 1706 3668 vestrae,
1762 3604 1918 3676 quod
1957 3621 2068 3674 ego
2109 3604 2518 3660 controversiae
2560 3604 2670 3669 illi,

574 3691 613 3718 ‘⁴
653 3706 827 3761 quam
864 3687 1144 3744 adversus
1180 3687 1521 3755 Robertm,
1549 3687 1840 3743 Abbatem
1880 3686 2079 3744 Sancti
2103 3687 2337 3754 Albani,
2368 3694 2428 3744 et
2458 3688 2671 3744 fratres

574 3776 614 3803 ⁸⁴
652 3774 800 3846 ejus,
840 3790 1153 3837 moveram,
1195 3789 1312 3843 qua
1356 3770 1782 3828 Monasterium
1841 3772 2037 3844 ipsum
2088 3770 2289 3828 Sancti
2325 3771 2560 3837 Albani,
2613 3778 2673 3828 et

574 3861 615 3888 ‘⁴
654 3857 986 3929 quindecim
1012 3855 1287 3912 ecclesias
1322 3854 1477 3921 illae,
1508 3873 1651 3928 quas
1688 3857 1752 3912 in
1787 3856 2086 3913 territorio
2124 3874 2229 3912 suo
2265 3856 2670 3928 privilegiatae

576 3945 615 3971 “
651 3941 875 4007 habuit,
927 3938 1321 3995 Lincolniensi
1371 3939 1653 3995 Ecclesiae
1702 3946 1764 3995 et
1812 3940 1980 4006 mihi,
2011 3946 2080 3996 ut
2121 3942 2310 4013 ipsius
2346 3941 2667 4013 Episcop0,

577 4029 616 4055 “
654 4026 718 4081 in
740 4024 1159 4097 subjectionem
1184 4030 1245 4079 et
1267 4022 1659 4079 obedientiam
1682 4023 1970 4094 petebam,
1996 4025 2061 4079 in
2094 4025 2408 4097 praesentia
2429 4027 2672 4080 testium

575 4113 616 4140 ‘⁸
653 4110 1087 4184 praedictorum,
1115 4125 1358 4164 assensu
1383 4106 1640 4178 Capituli
1676 4107 1815 4171 mei,
1839 4107 1902 4162 in
1927 4114 2275 4180 perpetuum
2309 4109 2668 4165 renunciavi.

576 4200 616 4225 “
653 4196 733 4252 Et.
778 4201 847 4252 ut
895 4195 967 4250 ab
1014 4211 1086 4250 ea
1133 4195 1196 4249 in
1253 4199 1602 4265 perpetuum
1652 4192 2078 4263 conquiescam,
2129 4193 2203 4248 de
2248 4212 2425 4250 manu
2482 4193 2671 4266 ipsius

578 4286 617 4310 ‘⁴
652 4282 921 4347 Abbatis,
950 4287 1012 4337 et
1033 4282 1284 4336 fratrum
1309 4281 1457 4352 ejus,
1477 4280 1684 4336 villam
1709 4296 1842 4351 quse
1865 4278 2084 4335 dicitnr
2112 4284 2126 4307 ‘
2145 4280 2510 4352 Tinghurst,’
2537 4300 2672 4338 cum

576 4370 616 4396 “
656 4367 902 4423 ecclesia
941 4371 1001 4422 et
1037 4364 1307 4421 omnibus
1342 4362 1714 4436 pertinentiis
1752 4363 2034 4434 ejusdem,
2062 4382 2169 4436 pro
2205 4364 2407 4421 decem
2440 4366 2671 4423 libratis

579 4454 615 4481 ⁸⁶
651 4458 846 4518 terrae,
873 4447 1075 4507 ‘libere
1112 4455 1174 4505 et
1215 4448 1411 4520 quiete
1452 4443 1769 4503 ³Ecclesioe
1794 4446 2188 4505 Lincolniensi
2226 4450 2288 4505 in
2323 4457 2672 4522 perpetuum

639 4653 653 4687 ¹
684 4652 888 4704 1163112
910 4668 1036 4719 page
1064 4655 1172 4712 157,
1200 4656 1327 4701 aute.
1739 4649 1759 4679 ²
1781 4650 1940 4714 quiete
1982 4648 2339 4702 Lincolniensis
2384 4651 2439 4702 in
2488 4651 2663 4712 Wats;

636 4735 660 4769 ²
686 4735 966 4796 Chai-sueto,
1000 4734 1053 4784 in
1092 4733 1397 4795 wendover,
1427 4728 1565 4784 Flor.
1667 4733 1922 4783 corrected
1988 4731 2119 4781 from
2175 4731 2344 4783 Wend
2352 4747 2489 4796 over,
2526 4731 2667 4798 Flor-

572 4815 730 4880 Hine„
749 4816 841 4866 Ed.
867 4815 1026 4867 Coxe.
1667 4809 1807 4863 Hinc.
