3450 5717
812 817 902 878 88
1572 832 1787 881 GESTA
1829 830 2155 883 ABBATUM

505 1028 758 1094 Geoffrey,
810 1016 1097 1084 sinistrae
1160 1016 1441 1104 scapulae
1505 1037 1578 1082 os
1620 1014 1859 1102 reliqui
1918 1015 2205 1105 corporis
2262 1015 2653 1105 integritati.
2777 1014 2909 1088 Sed

537 1097 712 1217 Ᾱξζξῒ
812 1139 944 1205 qna
968 1119 1227 1186 ratione
1255 1118 1582 1200 defecerit,
1612 1117 1723 1184 vel
1751 1119 1838 1185 ad
1865 1139 2059 1205 quem
2105 1119 2320 1187 locum
2349 1120 2696 1207 deportata
2721 1118 2908 1197 foret,

510 1200 735 1350 11ἳὸᾒὲ
808 1222 1055 1288 nullius
1083 1222 1197 1309 qui
1240 1226 1406 1289 tuuc
1448 1222 1680 1288 aderat
1724 1221 2005 1288 occurrit
2049 1221 2400 1304 memoriae,
2429 1244 2548 1310 per
2591 1222 2908 1291 desidiam

471 1433 672 1514 sm„-
809 1323 1797 1515 fflmssssdffifficffssfflss.
1815 1323 2716 1516 Mssffin‘sseifflffiaffi
2747 1346 2909 1516 ,1:2¹1

472 1500 700 1635 3123?
813 1552 1040 1597 corum
1121 1551 1448 1597 annorum
1528 1529 1885 1611 curriculis,
1952 1529 2270 1597 destinati
2343 1552 2386 1596 a
2465 1530 2528 1596 N
2535 1528 2913 1597 aumucensi

469 1634 602 1685 from
612 1637 712 1713 ‘the
813 1633 1001 1713 clero,
1059 1637 1129 1700 et
1174 1633 1414 1699 celebri
1460 1632 1747 1714 ecclesia,
1807 1638 2141 1700 venerunt
2183 1633 2273 1698 ad
2317 1632 2675 1700 Ecclesiam
2719 1633 2912 1699 Beati

471 1715 705 1754 mm·
815 1734 1135 1823 Martyris
1189 1734 1454 1813 Aibani,
1527 1740 1821 1822 temporo
1894 1735 2101 1822 ipsius
2182 1735 2470 1803 Abbatis
2590 1734 2927 1814 caufridi·

813 1839 946 1904 duo
997 1837 1129 1904 viri
1178 1837 1485 1919 litterati,
1530 1837 1827 1905 moribus
1869 1842 1941 1905 et
1983 1835 2188 1905 aetate
2232 1837 2500 1916 maturi,
2546 1859 2726 1904 more
2770 1860 2910 1904 suae

809 1941 1108 2029 reg-ionis,
1153 1940 1447 2007 canonici
1509 1941 1898 2021 saeculares3
1962 1946 2272 2029 rogantes
2322 1940 2686 2007 instantius
2737 1942 2908 2008 Con-

810 2049 1088 2110 ventum
1130 2043 1272 2124 loci,
1304 2065 1560 2110 necnon
1606 2048 1676 2110 et
1721 2042 2080 2122 Abbatem,
2127 2048 2453 2131 quatenus
2499 2048 2911 2110 mererentur

813 2147 1104 2234 accipere
1149 2148 1234 2213 ab
1278 2146 1373 2212 eis
1420 2145 1806 2227 Servitium,
1835 2166 1967 2232 quo
1994 2145 2102 2212 uti
2143 2151 2409 2233 possent
2451 2150 2911 2234 competenter,

468 2261 796 2341 {amnigenos
817 2254 888 2316 et
931 2254 1087 2337 apte
1129 2270 1206 2315 ac
1235 2249 1508 2337 proprie,
1536 2247 1613 2314 in
1642 2247 1947 2315 Passione
1976 2247 2208 2315 Sancti
2250 2247 2515 2315 Albani.
2605 2248 2911 2316 Ecclesiae

471 2329 780 2461 ξῶξζᾟῗ
812 2375 952 2419 suae
978 2352 1321 2419 instantiae
1364 2356 1807 2431 annectentes,
1837 2351 2157 2417 dixerunt
2200 2372 2338 2418 esse
2366 2373 2564 2440 penae
2606 2373 2676 2418 se
2705 2372 2907 2418 unam

470 2462 528 2524 it,
549 2469 603 2540 at
616 2478 650 2512 a
663 2463 791 2514 later
813 2454 895 2520 de
937 2454 1223 2541 scapulis
1265 2454 1459 2520 Beati
1490 2453 1828 2540 Martyris.
1917 2454 2120 2520 Porro
2163 2453 2403 2520 fratres
2446 2454 2563 2540 qui
2607 2451 2908 2520 Transla-

470 2530 658 2595 penod.
811 2556 980 2622 tioni
1037 2578 1247 2643 nuper
1308 2555 1499 2622 factae
1566 2555 2033 2636 interfuerunt,
2094 2561 2167 2623 et
2218 2578 2422 2622 unam
2481 2556 2566 2625 de
2627 2557 2907 2645 scapulis

717 2710 725 2719 .
808 2659 1090 2725 defuisse
1153 2664 1626 2745 compererunt,
1682 2658 2071 2746 diligentius
2132 2659 2418 2746 qualiter
2468 2660 2557 2726 ad
2606 2682 2717 2726 eos
2765 2682 2910 2747 per-

807 2761 1112 2840 venisset,
1144 2760 1601 2847 inquisierunt.
1693 2761 1879 2827 Tunc
1929 2782 2102 2828 unus
2153 2783 2398 2841 eorum,
2425 2761 2584 2849 quia
2628 2762 2907 2851 Anglice

805 2886 944 2930 non
987 2862 1198 2943 novit,
1248 2862 1485 2931 Latine
1521 2863 1616 2930 sic
1659 2884 1846 2929 orsus
1890 2867 2101 2932 est.—

1165 3214 1472 3285 Pulchra
1512 3214 1832 3284 narratio
1876 3215 1957 3283 dc
2000 3216 2177 3304 Reqe
2225 3214 2552 3285 Onuto‘nc.

470 3400 622 3478 Story
645 3401 708 3451 0f
900 3408 935 3435 “
967 3396 1127 3463 Dux
1172 3397 1290 3484 qui
1342 3397 1416 3462 in
1445 3396 1712 3464 Ducatu
1758 3403 1984 3464 nostro
2013 3397 2267 3486 primus
2296 3398 2383 3464 ad
2426 3399 2629 3465 fidem
2659 3400 2909 3466 Christi

467 3468 787 3584 {3233oe
813 3509 850 3538 ‘⁸
894 3522 1245 3567 conversus
1273 3505 1393 3580 est,
1438 3499 1511 3564 in
1539 3500 1838 3565 novitate
1869 3500 2315 3567 conversionis
2346 3521 2504 3579 suae,
2550 3523 2593 3566 a
2622 3501 2908 3589 Paganis

465 3599 612 3665 reign
623 3600 788 3678 ane,
816 3610 853 3641 ‘⁶
894 3603 1131 3669 vicinis
1165 3602 1365 3667 nimis
1385 3600 1855 3684 infestabatur3
1887 3607 1956 3667 et
1974 3603 2129 3689 ipse,
2162 3602 2351 3690 quasi
2372 3603 2636 3668 validus
2659 3603 2912 3669 Christi

467 3675 770 3784 ἲέῗοιζὲωε
813 3714 846 3742 “
893 3705 1041 3784 tiro,
1086 3725 1351 3791 corpore
1400 3709 1469 3769 et
1520 3704 1743 3769 animo
1791 3704 2004 3770 alacer
2055 3709 2125 3770 et
2166 3706 2643 3791 magnanimus,
2688 3711 2910 3792 partes

468 3800 787 3932 lt’hfflffi}
812 3815 846 3846 “
891 3830 1042 3873 suas
1103 3807 1392 3872 viriliter
1455 3810 1684 3872 contra
1728 3827 1955 3872 omnes
2013 3805 2439 3872 adversantes
2497 3806 2907 3873 defendebat.

468 3933 600 3983 bone
624 3933 678 3982 in
699 3932 785 3984 the
813 3920 849 3950 “
893 3910 1186 3977 Tandem
1216 3909 1506 3994 undique
1535 3907 1674 3974 laesi
1695 3907 2201 3974 insurrexerunt
2230 3908 2305 3973 in
2334 3929 2486 3973 eum
2516 3909 2905 3991 adversarii3

467 3998 760 4116 ggffiffflf
813 4020 847 4048 ‘⁶
890 4016 962 4078 et
1019 4010 1113 4077 sic
1156 4011 1437 4097 denique
1480 4010 1919 4076 invalescente
1963 4015 2153 4097 parte
2210 4010 2504 4092 adversa,
2565 4011 2909 4078 exhaustis

468 4080 761 4185 Naffznuci'a.
808 4121 845 4152 ‘³
889 4113 1211 4181 thesauris
1257 4119 1328 4179 et
1378 4111 1871 4197 coadjutoribus
1915 4111 2434 4200 desperantibus,
2479 4112 2853 4201 desperavit
2888 4138 2907 4197 3

806 4226 840 4254 “
885 4219 1089 4304 coepit
1129 4214 1306 4281 enim
1352 4214 1635 4280 deficere.
1727 4214 1821 4279 Et
1871 4219 2061 4281 eccel
2125 4214 2391 4301 quidem
2440 4215 2588 4280 Rex
2620 4216 2906 4303 Angliae,

807 4329 844 4355 “
889 4318 1159 4405 quidam
1188 4315 1446 4394 nobilis,
1474 4316 1879 4397 victoriosus,
1927 4321 1997 4383 et
2025 4315 2328 4395 famosus,
2359 4316 2593 4383 limina
2620 4318 2906 4406 Aposto-

804 4431 838 4458 “
884 4422 1098 4487 lorum
1158 4420 1232 4484 in
1292 4418 1702 4485 orationibus
1770 4417 2181 4497 visitaturus,
2251 4423 2439 4484 actus
2512 4424 2907 4508 tempestate

801 4532 837 4561 “
879 4524 1173 4601 adversa,
1219 4520 1468 4587 Austro
1529 4520 1933 4587 Occidentali
2001 4519 2460 4601 debacchante,
2515 4521 2589 4586 in
2640 4522 2905 4590 Ducatu

804 4631 841 4661 “
885 4624 1027 4711 ejus
1055 4621 1390 4712 applicuit.
1484 4622 1674 4702 Quod
1719 4644 1869 4688 cum
1916 4622 2091 4701 Dux,
2129 4645 2246 4710 per
2289 4625 2754 4710 exploratores,
2787 4626 2900 4712 qui

807 4735 844 4763 ‘³
890 4726 975 4792 ad
1020 4747 1168 4791 eum
1217 4724 1641 4805 advenerant,
1689 4725 2117 4812 cognovisset,
2179 4726 2278 4790 ait
2307 4733 2436 4806 ;—‘
2468 4725 2904 4814 Interrogata.
