3450 5717
1111 824 1530 876 MoNAs‘mnn
1578 824 1827 877 simon
1872 826 2151 879 ALBANL
2560 819 2589 879 1
2604 818 2677 880 91

576 1031 708 1095 quo
737 1011 1049 1075 cantatur
1077 1009 1292 1095 Major
1322 1011 1526 1076 Missa
1553 1013 1887 1078 cotidiana
1910 1037 1927 1094 3
1973 1019 2044 1079 et
2072 1013 2237 1080 duos
2266 1015 2430 1081 alios
2459 1016 2691 1082 calices
2786 1018 2975 1081 Simon,

573 1116 936 1199 argenteos,
1012 1111 1677 1198 irreprehensibiliter
1738 1117 2148 1203 compositos,
2199 1120 2508 1203 (quorum
2556 1140 2689 1184 uno
2781 1084 2974 1215 Algbssgt‚

576 1215 836 1281 canitur
881 1214 962 1280 de
1005 1235 1185 1279 more
1235 1214 1440 1280 Missa
1487 1214 1934 1296 Matutinalis‚
1979 1224 2051 1284 et
2095 1217 2306 1286 altero
2350 1219 2439 1286 ad
2483 1220 2690 1286 altare
2753 1219 2996 1338 {lg-6133&

576 1316 767 1383 Beati
797 1314 1035 1403 Petri,)
1077 1337 1197 1404 per
1225 1338 1496 1383 manum
1544 1319 1708 1385 dicti
1737 1320 2063 1386 aurifabri
2105 1322 2515 1409 Baldewyni,
2548 1323 2690 1388 Deo

578 1425 649 1485 et
707 1420 1017 1486 Ecclesiae
1063 1419 1259 1487 Beati
1330 1419 1604 1486 ¹Albani
1664 1422 1975 1490 fabricari
2021 1424 2195 1503 fecit,
2252 1428 2322 1491 et
2386 1425 2691 1504 contulit,

577 1530 660 1592 ut
709 1523 1029 1590 memoria
1087 1523 1161 1588 in
1220 1523 1688 1590 benedictione
1728 1526 2062 1612 perduret.

1086 1711 1137 1777 I
1132 1718 1266 1779 tem
1318 1713 1506 1780 dona
1551 1712 1721 1782 data
1763 1737 1895 1803 per
1942 1714 2200 1802 ipsum.

669 1839 860 1914 Idem
907 1860 1170 1926 quoque
1202 1841 1432 1908 Abbas
1479 1839 1507 1877 ²
1526 1842 1771 1929 [dedit]
1816 1865 2021 1910 unam
2066 1844 2360 1911 nobilem
2412 1864 2687 1921 crucem,
2717 1854 2772 1905 A
2794 1870 2931 1906 eroes

576 1941 843 2007 laminis
870 1943 1087 2009 aureis
1116 1949 1511 2031 coopertam,
1541 1945 1614 2010 in
1656 1945 1846 2032 cujus
1876 1947 2091 2013 medio
2131 1947 2376 2013 monile
2417 1969 2689 2013 aureum
2714 1923 2951 2039 {¹32}th

579 2049 856 2111 venuste
916 2044 1306 2128 collocatum
1364 2051 1436 2113 et
1494 2048 1569 2112 in
1610 2048 1757 2135 ipso
1802 2049 2038 2114 monili
2085 2070 2235 2136 pars
2285 2050 2463 2116 bona
2519 2049 2689 2137 ligni
2714 2054 2933 2106 simon’s

575 2146 909 2214 Dominici
975 2149 1372 2216 continetur.
1488 2149 1705 2229 Quam
1774 2172 2028 2216 crucem
2092 2152 2294 2217 etiam
2339 2152 2691 2218 constituit
2713 2123 3025 2253 ffi‘ss’gwn'

576 2250 924 2338 praecipuis
967 2250 1153 2316 festis
1194 2250 1280 2316 ab
1325 2268 1457 2317 uno
1502 2252 1804 2331 fratrum,
1848 2253 2027 2319 inter
2068 2272 2305 2319 manus
2349 2254 2690 2341 supposito
2714 2255 2861 2305 wood
2883 2255 2947 2304 of

576 2353 1010 2440 manutergio,
1078 2354 1152 2418 in
1213 2353 1741 2442 processionibus
1816 2377 1969 2421 cum
2041 2356 2464 2443 praeambulis
2530 2361 2689 2422 ante
2715 2320 2934 2440 ἔρξω

579 2460 997 2535 conventum,
1060 2455 1239 2521 inter
1305 2455 1469 2522 alias
1551 2457 1717 2522 duas
1801 2463 1828 2503 ³
1851 2479 2088 2537 cruces,
2167 2481 2330 2545 quas
2394 2461 2691 2525 conversi

578 2559 866 2625 elevatas
909 2558 1233 2644 bajulant,
1280 2563 1362 2626 ut
1414 2559 1501 2625 ab
1547 2560 1729 2625 omni
1786 2559 2028 2648 populo
2076 2561 2315 2627 devote
2359 2562 2689 2641 adoretur,

578 2665 972 2727 veneranter
1019 2659 1391 2747 deportari3
1465 2666 1535 2728 et
1578 2666 1729 2749 post
1775 2663 2274 2749 processionem,
2319 2665 2391 2729 in
2436 2665 2695 2752 capside

580 2763 921 2850 Martyris,
955 2763 1180 2848 (quam
1224 2769 1261 2802 “
1284 2763 1601 2830 feretrum
1618 2762 1659 2789 '’
1703 2764 2155 2853 appellamus,)
2203 2770 2523 2852 tanquam
2552 2788 2697 2853 spe-

579 2867 812 2933 cialem
855 2866 1241 2932 thesaurum
1285 2864 1313 2904 4
1332 2866 1678 2954 [recondi]‚
1724 2871 1797 2933 et
1826 2868 1933 2935 die
1963 2869 2327 2937 Dominicae
2359 2869 2693 2937 Passionis

581 2997 623 3040 a
666 2980 814 3040 toto
857 2976 1191 3039 conventu
1249 2973 1528 3039 adorari.

670 3077 811 3141 Nec
853 3075 1402 3163 praetereundum,
1440 3076 1669 3161 (immo
1717 3076 1987 3163 speciali
2030 3078 2231 3144 titulo
2276 3079 2690 3144 conscriben-
2714 3093 2961 3211 Hagm-
2982 3106 3015 3147 a

579 3179 757 3257 dum,
819 3184 889 3245 et
949 3178 1201 3244 coeteris
1258 3179 1530 3265 pietatis
1603 3179 1748 3264 ejus
1813 3178 2121 3266 operibus
2197 3180 2660 3265 adjiciendum,
2716 3175 3010 3279 {3353

581 3282 761 3369 quod
818 3282 997 3347 idem
1058 3281 1290 3346 Abbas
1359 3280 1591 3347 Simon
1664 3301 1878 3347 unum
1937 3303 2058 3348 vas
2131 3283 2503 3361 mirificum,
2572 3306 2691 3369 per
2714 3292 2918 3359 Abbey,

580 3386 854 3452 modum
897 3384 1122 3450 scrinii
1170 3385 1622 3471 compositum,
1660 3385 1873 3471 (cujus
1916 3404 2136 3451 arcam
2176 3385 2438 3451 schema
2485 3385 2692 3471 quad·
2714 3360 3037 3477 ffidffigr

580 3495 690 3554 rat
747 3486 1330 3568 venustissimnm3
1405 3486 1666 3552 culmen
1726 3508 1887 3554 vero
1950 3509 2069 3574 per
2129 3487 2403 3554 modum
2468 3488 2694 3555 feretri
2717 3491 2776 3542 of
2796 3508 2828 3542 a
2844 3493 3031 3544 shrine.

580 3591 906 3679 surgendo
950 3593 1307 3668 coartatur,
1354 3593 1426 3654 et
1468 3589 1765 3676 undique
1810 3589 2071 3656 circulis
2113 3591 2393 3656 elevatis
2440 3592 2696 3657 orbicu-

578 3695 777 3776 latur,
839 3694 913 3759 in
977 3692 1218 3779 quibus
1292 3691 1574 3757 historia
1632 3692 2001 3759 Dominicae
2063 3693 2395 3759 Passionis
2458 3694 2695 3781 imagi-

580 3797 778 3863 nibus
820 3795 1129 3862 fusilibus
1173 3795 1516 3881 figuratur,
1565 3799 1636 3860 et
1678 3817 1797 3881 per
1848 3799 2069 3860 totum
2116 3795 2384 3860 laminis
2431 3795 2695 3861 ductili-

578 3900 706 3966 bus
758 3898 988 3965 solidae
1048 3896 1515 3984 spissitudinis,
1567 3894 1681 3974 ita,
1729 3896 1995 3977 scilicet,
2044 3898 2222 3984 quod
2266 3892 2539 3963 basibus
2583 3898 2693 3962 vel

579 4000 1046 4069 sustentaculis
1074 3999 1311 4086 ligneis
1343 4020 1479 4064 non
1512 3998 1817 4086 indiget,)
1852 4000 1994 4065 Deo
2027 4004 2096 4066 et
2126 4000 2434 4066 Ecclesiae
2465 4000 2693 4066 Sancti

581 4104 902 4190 Martyris
929 4101 1194 4179 Albani,
1242 4101 1330 4166 ad
1372 4105 1766 4188 perpetuum
1795 4102 2003 4190 ipsius
2046 4103 2331 4170 ecclesiae
2377 4103 2692 4169 honorem

579 4213 651 4274 et
696 4208 1012 4287 decorem,
1059 4204 1346 4271 contulit
1382 4202 1797 4272 fabricatum.

671 4310 763 4375 Et
806 4308 894 4373 ad
935 4306 1460 4395 perpetuandam
1502 4306 1728 4393 ipsius,
1797 4328 1948 4375 cum
2006 4307 2490 4390 benedictione,
2553 4330 2690 4376 me·
2716 4316 2830 4369 The
2850 4318 2989 4386 body

582 4412 876 4490 moriam,
939 4409 1291 4476 constituit
1341 4413 1424 4474 ut
1469 4408 1544 4475 in
1591 4410 1943 4477 Dominica
1995 4409 2373 4477 Palmarum
2435 4412 2692 4500 Corpus
2715 4384 3036 4505 ξξῗεωὴξξηξ

650 4608 668 4641 ²
705 4606 958 4673 Martyris
993 4605 1185 4657 Albani
1216 4605 1272 4657 in
1306 4604 1420 4657 MS.
1451 4605 1591 4657 Nero
1632 4617 1648 4659 t
1760 4610 1781 4639 ⁸
1803 4610 1964 4658 crucis
2001 4608 2054 4659 in
2093 4609 2206 4661 MS.
2233 4609 2475 4663 Claudius
2513 4613 2574 4664 E.
2608 4613 2693 4676 im,

583 4690 648 4740 D.
672 4689 707 4738 i.
1689 4690 1760 4754 by
1781 4688 2143 4740 inadvertence.

649 4766 672 4799 ²
695 4767 920 4819 Omitted
941 4765 995 4817 in
1019 4765 1107 4818 the
1128 4764 1283 4819 MSS.
1754 4762 1776 4793 ⁴
1801 4761 2028 4815 Omitted
2048 4763 2105 4813 in
2126 4763 2215 4816 the
2235 4764 2391 4818 MSS.
