3450 5717
1279 883 1633 936 Arfmmx
1674 868 1795 959 (B).
2461 872 2592 937 493

502 1071 662 1138 dum,
702 1089 739 1126 a
775 1069 988 1127 Sancto
1039 1067 1300 1141 postulat
1359 1067 1650 1123 edoceri.”
1734 1066 1855 1125 -Ad
1916 1085 2093 1141 quem
2141 1069 2360 1126 Beatus
2423 1069 2601 1126 Alba-

497 1175 610 1214 nus
632 1158 767 1224 ;--“
796 1154 979 1226 Signa
1008 1153 1206 1217 locum
1241 1151 1577 1227 diligenter,
1634 1157 1720 1217 ut,
1784 1170 1915 1224 quae
1968 1153 2131 1209 ¹meo
2181 1154 2292 1210 tibi
2329 1160 2467 1211 sunt
2511 1174 2602 1210 re·

503 1246 540 1269 “
578 1242 773 1298 velata
829 1237 851 1272 ²
868 1237 1214 1303 ministerio,
1278 1236 1505 1292 firmius
1567 1235 1902 1293 adhaereant
1954 1239 2137 1295 menti
2190 1245 2341 1295 tuae:
2405 1240 2603 1296 veniet

502 1329 539 1355 ‘⁴
580 1326 733 1381 enim
770 1341 803 1380 e
839 1323 1102 1396 proximo
1138 1327 1388 1393 tempus,
1406 1379 1412 1383 ,
1430 1320 1661 1391 quando
1683 1321 1808 1377 haec
1845 1323 2156 1379 instructio
2191 1329 2295 1379 tua
2330 1324 2601 1396 specialis

502 1414 538 1438 ‘⁶
580 1408 841 1482 generali
869 1407 1200 1479 'profectui
1229 1406 1526 1469 militabit,
1587 1404 1611 1467 ,³
1629 1406 1952 1478 multisque
2006 1408 2271 1481 proderit
2324 1408 2398 1463 ad
2449 1408 2603 1464 salu-

503 1497 540 1557 ἦ*
580 1493 761 1549 tem.’'
848 1492 1138 1547 Robertus
1191 1508 1350 1555 vero,
1381 1490 1558 1545 .aeris
1611 1496 1673 1546 et
1720 1491 1988 1562 planitiei
2037 1493 2232 1548 visum
2271 1493 2599 1558 dimetiens,

493 1578 723 1652 lapides
760 1577 1062 1649 quosdam,
1102 1574 1205 1647 qui
1240 1574 1324 1629 ibi
1354 1574 1648 1645 jacebant,
1689 1575 1949 1646 collegit,
1990 1581 2053 1631 et
2084 1576 2302 1631 ibidem
2352 1577 2604 1649 quodam

499 1664 792 1720 schemate
844 1661 1110 1724 locavit,v
1145 1659 1346 1715 dicens
1364 1662 1497 1714 :—“
1526 1658 1641 1714 His
1665 1712 1670 1718 ,
1694 1660 1870 1716 metis
1927 1660 1997 1715 de
2046 1659 2156 1715 hoc
2213 1660 2426 1717 Sancto
2475 1679 2603 1717 cras

503 1752 540 1774 “
578 1747 808 1820 plenius
845 1743 1186 1882 edoceiborss'
1227 1748 1287 1799 et
1322 1744 1415 1798 his
1453 1743 1768 1808 dictis,—“
1799 1744 2012 1815 Surge,
2060 1743 2297 1801 ⁴eamus
2350 1744 2505 1810 hinc,
2547 1751 2606 1800 et

504 1835 542 1861 “
580 1831 656 1886 ad
688 1832 882 1886 locum
917 1846 997 1884 un
1044 1845 1074 1882 e
1109 1828 1490 1891 recessimu8‚
1531 1828 1967 1883 revertamur?

517 1972 522 1977 ,
569 1915 700 1971 Illis
759 1921 955 1970 autem
1013 1930 1120 1985 per
1172 1914 1351 1976 viam,
1394 1930 1510 1982 qua
1567 1918 1869 1975 venerant,
1916 1914 2369 1978 revertentibus,
2431 1913 2453 1945 ⁵
2472 1931 2607 1969 cum

499 2001 766 2061 venirent
797 2005 931 2054 aute
968 2003 1197 2069 portam
1234 1997 1725 2062 ecclesiae,-—erat
1779 1996 1988 2053 domus
2027 1997 2273 2053 Roberti
2308 1999 2603 2062 remotior,

505 2084 822 2141 -Sauctus
859 2100 1027 2139 suam
1063 2082 1306 2137 intravit
1342 2081 1668 2148 ecclesiam,
1698 2087 1760 2136 et
1793 2082 1968 2137 homo
2001 2082 2123 2147 ille,
2163 2082 2401 2138 domum
2442 2100 2608 2138 suam

501 2156 826 2241 ingressus,
863 2167 1102 2239 proprio
1138 2167 1456 2227 sese-lecto
1491 2166 1733 2237 recepit.
1843 2163 2054 2222 ‘Istud
2091 2184 2225 2232 non,
2266 2172 2334 2222 ut
2369 2166 2609 2238 quidam

502 2254 751 2325 fingunt,
791 2251 1160 2307 detrahentes
1210 2250 1466 2313 veritati,
1524 2268 1640 2305 non
1692 2256 1762 2306 ut
1814 2251 2104 2306 somnium
2152 2251 2368 2315 evenit,
2409 2252 2515 2307 sed
2548 2252 2610 2306 in

503 2338 770 2395 veritate.
827 2335 939 2391 Cui
974 2334 1376 2390 testimonium
1412 2334 1682 2406 perhibet
1707 2334 1901 2390 finalis
1925 2335 2014 2390 rei
2040 2343 2305 2400 eventus,
2335 2342 2395 2391 et
2418 2335 2611 2407 cujus·

506 2422 639 2479 dam
675 2421 895 2484 fratria,
933 2418 1232 2483 videlicet,
1273 2419 1543 2475 monachi
1581 2418 1890 2475 Ecclesiae-
1924 2418 2127 2475 Sancti
2181 2419 2412 2485 Albani,
2454 2418 2611 2475 Gile-

506 2506 659 2562 berti
708 2505 781 2560 de
834 2503 1193 2568 Sisseverne‚
1247 2503 1658 2559 testimonialia
1698 2504 1950 2559 assertio
1972 2524 2024 2570 3·
2046 2504 2147 2576 qui
2199 2505 2540 2575 frequenter
2576 2522 2612 2560 a

508 2590 790 2663 proedicto
825 2588 1081 2644 Roberto
1116 2589 1206 2642 rei
1242 2588 1455 2643 seriem
1490 2588 1918 2653 sciscitabatur,
1960 2594 2021 2644 et
2057 2588 2375 2660 diligenter
2397 2588 2614 2644 verita-

509 2681 651 2740 tem,
705 2673 814 2729 sub
865 2673 1252 2737 attestatione
1269 2672 1558 2728 tremendi
1589 2672 1823 2743 judicii,
1864 2679 2065 2745 utpote
2115 2674 2209 2729 vir
2261 2673 2516 2746 prudens
2553 2679 2615 2731 et

510 2760 824 2823 litteratim,
864 2757 1206 2813 medullitus
1244 2757 1584 2829 exploravit.

582 2843 695 2899 Vir
731 2850 945 2907 autem,
985 2858 1155 2897 mane
1191 2841 1654 2912 expergefactam,
1711 2841 1776 2895 in
1829 2841 2071 2914 ancipiti
2118 2842 2364 2913 positus,
2404 2843 2611 2899 fluctu·

516 2927 667 2992 abat,
707 2932 911 2982 utrum
948 2925 1057 2981 sub
1110 2924 1345 2980 silentio
1387 2924 1738 2996 praeteriret,
1794 2943 1868 2980 an
1919 2926 2071 2991 aliis,
2111 2944 2241 2996 ques
2292 2924 2446 2982 ⁷non
2478 2928 2614 2983 visu

516 3011 620 3067 sed
671 3029 756 3076 re,
813 3011 936 3066 sine
985 3010 1183 3081 aliqua
1228 3009 1613 3074 haesitatione,
1661 3009 2041 3081 corporaliter
2088 3015 2257 3082 gesta
2306 3010 2609 3078 didicerat,

515 3096 822 3152 revelaret.
902 3094 967 3150 Si
1005 3096 1160 3150 enim
1192 3094 1412 3158 sileret,
1440 3111 1681 3166 peccare
1717 3095 2016 3150 metuebat
2050 3095 2112 3150 in
2149 3094 2373 3162 Deum3
2414 3097 2468 3151 si
2488 3113 2615 3151 rem

517 3180 861 3254 publicaret,
919 3196 1126 3235 sannas
1179 3179 1484 3233 hominum
1533 3179 1866 3234 verebatur.
1964 3179 2092 3235 Ista
2139 3180 2374 3235 tandem
2425 3180 2617 3236 animo

520 3282 674 3336 saepe
709 3263 1037 3328 revolvens,
1076 3263 1251 3318 bomo
1285 3263 1494 3317 timore
1529 3261 1643 3315 Dei
1692 3261 2000 3317 ⁸timorem
2048 3263 2369 3319 humanum
2420 3263 2616 3319 absor-

518 3349 685 3414 buit;
726 3353 803 3413 et,
833 3347 975 3402 licet
995 3347 1020 3417 9
1038 3347 1285 3402 verbum
1311 3346 1420 3402 hoc
1445 3347 1853 3402 communibus
1879 3353 2037 3403 esset
2059 3348 2298 3404 auribus
2322 3348 2620 3404 abscondi-

519 3440 667 3498 tum,
725 3431 1075 3487 domesticos
1131 3435 1326 3486 tamen
1380 3447 1638 3495 suorum,
1692 3436 1755 3485 et
1800 3431 2078 3502 privatos,
2133 3432 2325 3489 effecit
2359 3433 2618 3490 conscios

524 3520 899 3573 secretorum.
999 3513 1102 3570 Illi
1139 3520 1334 3569 autem
1355 3513 1527 3585 *quod
1562 3513 1868 3569 dicebatur
1904 3514 1966 3569 in
2000 3516 2276 3581 tenebris,
2304 3518 2366 3572 in
2400 3516 2620 3573 lumine

526 3599 932 3672 proferebant;
990 3603 1068 3663 et,
1127 3597 1282 3670 quod
1331 3598 1394 3653 in
1449 3596 1490 3629 ¹⁰
1505 3615 1646 3653 aure
1684 3598 2007 3664 audierant,
2061 3617 2236 3673 super
2284 3606 2441 3658 tecta
2473 3619 2619 3673 prae-

523 3682 812 3739 dicabant.

489 3806 492 3809 ι
526 3772 532 3781 “
594 3768 842 3823 Factum
893 3771 984 3822 est
1018 3771 1233 3830 autem,
1289 3770 1356 3821 ut
1402 3766 1514 3821 hoc
1567 3784 1717 3821 anno
1768 3766 2015 3822 verbum
2067 3767 2226 3824 istud
2280 3787 2386 3841 per
2437 3774 2621 3826 totam

525 3851 1007 3909 disseun‘naretur
1053 3849 1433 3922 provinciam,
1477 3849 1623 3904 adeo
1671 3849 1929 3921 quidem,
1968 3857 2038 3907 ut
2071 3852 2258 3924 ipsius
2294 3854 2623 3925 frequentia

525 3934 869 3991 Monasterii
906 3934 1076 3989 Beati
1111 3932 1393 4005 Martyris
1428 3933 1644 3990 Albani
1680 3934 2004 3990 claustrum
2028 3937 2290 3992 intraret.
2355 3936 2620 4009 Denique

525 4020 682 4076 fama
716 4017 1067 4083 desiderata,
1109 4017 1459 4087 quibusdam
1495 4018 1946 4089 perferentibus,
1999 4019 2074 4076 ad
2109 4021 2398 4077 Abbatem
2437 4021 2623 4077 Simo-

599 4228 615 4261 ¹
640 4231 690 4279 in
713 4244 784 4289 eo,
807 4228 859 4278 in
881 4227 1028 4278 Wats
1049 4248 1063 4288 ς
1107 4230 1362 4280 corrected
1400 4227 1532 4278 from
1624 4229 1695 4294 by
1717 4228 1965 4280 Matthew
1986 4229 2143 4281 Paris,

534 4309 835 4359 wendover.
897 4352 900 4357 s
1231 4368 1236 4373 ‚
1691 4309 1712 4342 ⁶
1736 4308 1883 4360 Istud
1913 4347 1925 4360 .
1961 4347 1974 4361 .
2012 4349 2025 4363 .
2061 4349 2074 4362 .
2110 4311 2397 4377 exploravit,
2434 4329 2497 4364 an
2536 4316 2625 4365 ad·

601 4388 623 4420 2
643 4386 925 4452 myster-inin
935 4386 1115 4447 Wats3
1139 4388 1394 4437 corrected
1406 4387 1536 4437 from
1623 4388 1786 4439 dition
1808 4391 1877 4456 by
1894 4390 2139 4441 Matthew
2163 4392 2321 4443 Paris.

531 4468 836 4539 Wendover.
1691 4466 1712 4506 ⁷
1739 4469 1789 4517 in
1816 4471 1941 4529 visu,
1963 4468 2042 4520 vel
2052 4472 2241 4535 potius,
2276 4480 2331 4521 ut
2361 4489 2626 4538 proesume-

601 4548 625 4581 ³
645 4548 799 4599 From
812 4546 912 4599 this
923 4550 1063 4599 word
1078 4549 1223 4599 down
1243 4555 1295 4598 to
1312 4548 1535 4611 “dietin,‘’
1625 4546 1727 4609 bat,
1749 4565 1805 4597 re
1822 4548 2156 4614 corporaliter,
2171 4549 2477 4614 Weudover,
2491 4551 2625 4605 Flor.

537 4628 583 4679 is
607 4643 672 4678 au
696 4627 921 4678 addition
939 4629 1009 4694 by
1030 4627 1273 4678 Matthew
1294 4627 1452 4678 Paris.
1627 4626 1763 4678 Hist.

537 4724 540 4727 ·
603 4706 625 4738 ⁴
650 4707 822 4771 inquit,
859 4722 1039 4769 eamus,
1062 4707 1363 4769 wendover,
1398 4706 1539 4759 Flor.
1697 4706 1719 4738 ⁸
1744 4707 1949 4758 tumorem
1971 4708 2179 4762 omitted
2195 4710 2247 4760 in
2263 4708 2401 4761 onr.
2424 4710 2559 4762 Hirr.

537 4785 679 4843 Hist.
1704 4786 1726 4820 ⁹
1752 4787 1913 4839 adhuc
1932 4788 2141 4849 verbum,
2162 4790 2214 4840 in
2237 4788 2372 4842 Flor.
2388 4789 2527 4841 Hier.

605 4866 628 4903 ⁶
650 4882 753 4916 cum
778 4902 790 4917 .
830 4904 841 4916 .
877 4903 890 4921 .
928 4903 940 4916 .
974 4867 1212 4929 remotior,
1223 4881 1286 4918 an
1309 4866 1534 4919 addition
1685 4867 1727 4899 ¹⁰
1755 4867 1816 4917 In
1841 4869 2052 4921 allusion
2076 4876 2131 4919 to
2151 4869 2292 4921 Lake
2314 4870 2398 4923 xii.
2422 4875 2467 4921 3.
