3450 5717
817 781 943 842 110
1570 793 1785 845 GESTA
1828 793 2157 844 ΑΒΒΑΤΠΜ

531 992 733 1052 Radulf,
812 981 1195 1046 monasterii
1244 981 1530 1067 recepit3
1596 980 1732 1059 ubi,
1770 1003 1920 1047 cum
1965 979 2145 1047 omni
2183 979 2535 1046 devotione
2576 984 2646 1047 et
2685 978 2915 1046 alacri-

541 1059 732 1183 Ᾱζζξι,
814 1088 968 1162 tate,
1011 1088 1152 1149 tam
1194 1082 1475 1149 fratrum
1520 1106 1719 1170 quam
1749 1083 2057 1164 Abbatis,
2102 1088 2202 1149 est
2245 1088 2561 1170 receptus,
2655 1082 2741 1149 In
2785 1103 2916 1168 quo

565 1193 698 1242 A-D·
814 1186 1228 1263 monasterio,
1305 1191 1656 1272 postquam
1738 1186 1882 1252 Deo
1973 1186 2167 1251 factis
2253 1183 2710 1272 probabilibus
2801 1206 2919 1270 per

514 1263 754 1365 nffi'jk
813 1287 1091 1373 alicujus
1119 1290 1431 1376 temporis
1476 1290 1767 1376 spatium
1812 1289 2181 1368 militasset,
2224 1292 2447 1370 totum
2493 1287 2917 1355 Conventum

814 1391 1113 1477 exemplo
1183 1412 1301 1457 suo
1374 1392 1449 1456 in
1518 1391 1768 1457 ordinis
1838 1391 2069 1479 rigore,
2124 1395 2196 1457 et
2246 1413 2503 1457 morum
2550 1390 2913 1477 disciplina,

811 1492 1211 1561 reformavit.
1303 1494 1414 1559 Ita
1462 1493 1641 1581 quod
1686 1494 1940 1560 ibidem
1998 1495 2074 1559 in
2126 1492 2423 1561 Priorem
2481 1498 2583 1561 est
2642 1498 2917 1570 creatus,

810 1602 878 1659 et
955 1616 1216 1661 cursum
1281 1596 1444 1663 vitae
1522 1595 1542 1633 ¹
1569 1596 1923 1663 laudabilis
1991 1618 2309 1684 peragens
2368 1618 2487 1682 per
2545 1596 2916 1683 aliquorum

810 1719 1136 1763 annorum
1187 1699 1603 1776 curriculum,
1652 1704 1805 1785 post
1852 1709 2135 1775 mortem
2180 1699 2420 1785 prioris
2465 1698 2754 1765 Abbatis
2793 1700 2917 1779 sui,

811 1797 839 1835 ²
861 1799 1092 1866 Sancti
1142 1800 1407 1879 Albani,
1456 1800 1812 1888 Radulphi,
1852 1804 2118 1868 demum
2165 1801 2546 1881 moriturus,
2582 1805 2653 1868 et
2714 1802 2916 1868 morti

812 1902 1164 1990 expositus,
1227 1902 1557 1969 confessus
1609 1907 1712 1969 est
1758 1924 1829 1970 se
1881 1926 2222 1991 nunquam
2272 1903 2549 1970 insidias
2608 1903 2914 1972 Ecclesiae

812 2005 1040 2072 Sancti
1086 1997 1351 2086 Albani,
1391 2007 1502 2073 vel
1539 2005 1936 2088 Conventui,
1979 2007 2200 2094 aliquo
2243 2007 2441 2073 modo
2480 2006 2916 2075 machinando

812 2130 1222 2197 praeparasse.
1334 2110 1427 2176 Et
1475 2110 1570 2176 sic
1620 2111 1937 2176 innocens
2000 2132 2152 2177 cum
2211 2109 2426 2175 multa
2486 2110 2726 2195 probra
2792 2110 2915 2175 im-

814 2213 1049 2277 merito
1101 2213 1536 2292 sustinuisset,
1588 2213 1871 2279 feliciter
1919 2212 2235 2299 migravit
2281 2212 2368 2277 ad
2416 2212 2793 2293 Dominum.

474 2317 652 2368 Abbot
907 2314 1041 2380 Hic
1069 2318 1292 2381 autem
1324 2314 1553 2381 Abbas
1598 2314 2006 2401 Radulphus,
2054 2316 2136 2381 de
2181 2336 2311 2401 quo
2356 2335 2724 2380 sermonem
2766 2336 2914 2401 pro-

475 2383 707 2516 ssfflfft„
816 2418 1160 2496 traximus,
1238 2417 1473 2485 morbo
1540 2439 1884 2505 percussus
1939 2417 2314 2498 incurabili,
2365 2417 2605 2484 videns
2657 2439 2726 2484 se
2800 2418 2915 2483 ad-

475 2518 664 2634 ggbert
687 2518 750 2568 de
812 2520 1291 2587 ministrationi
1362 2522 1679 2608 pastorali
1726 2521 2058 2602 inutilem,
2131 2522 2289 2587 dum
2356 2521 2574 2588 adhuc
2639 2522 2915 2599 viveret,

473 2584 705 2701 hisrssffi
811 2623 1148 2710 dispositis
1179 2624 1623 2710 disponendis,
1653 2625 2056 2711 procuravit,
2111 2646 2195 2690 ex
2223 2624 2461 2689 innata
2504 2623 2636 2689 sibi
2687 2623 2915 2710 benig-

474 2733 655 2770 censor.
814 2726 1040 2803 nitate,
1088 2725 1290 2791 alium
1352 2726 1702 2805 Abbatem,
1753 2727 2020 2804 scilicet,
2070 2726 2438 2792 Robertum
2483 2725 2566 2791 de
2612 2724 2915 2803 Gorhm,

815 2828 1035 2894 virum
1085 2851 1206 2916 per
1252 2829 1478 2895 omnia
1524 2829 2124 2908 commendabilem,
2185 2828 2327 2895 loco
2375 2850 2494 2894 suo
2556 2827 2695 2894 fore
2761 2828 2915 2894 sub-

810 2931 1193 3017 rogandum.
1285 2932 1431 3012 Quo
1462 2931 1685 3012 electe),
1718 2936 1790 2999 et
1818 2932 1947 2998 rite
1991 2932 2064 2997 in
2106 2931 2437 3001 Abbatem
2475 2936 2709 3013 creatO,
2740 2930 2917 2997 vixit

810 3033 1026 3098 adhuc
1083 3034 1313 3100 Abbas
1359 3034 1755 3122 Radulphus
1817 3057 1935 3122 per
1994 3034 2252 3119 aliquot
2296 3033 2324 3071 ⁸
2339 3056 2666 3100 annorum
2711 3034 2915 3100 curri-

812 3136 974 3203 cula.
1094 3137 1319 3225 Longa
1391 3138 1599 3225 igitur
1673 3138 1977 3207 decoctus
2053 3136 2463 3225 aegritudine,
2539 3159 2689 3203 cum
2761 3137 2918 3202 huic

812 3239 1096 3306 ecclesiae
1182 3240 1473 3326 quinque
1539 3241 1734 3306 annis
1800 3240 2085 3327 benigne
2166 3239 2553 3326 praefuisset,
2633 3239 2915 3305 secundo

812 3341 1042 3408 Nonas
1111 3343 1158 3407 J
1157 3343 1282 3407 ulii
1329 3365 1414 3409 ex
1465 3343 1588 3409 hac
1633 3344 1783 3410 vita
1835 3344 2212 3408 subtractus
2259 3349 2378 3423 est,
2432 3364 2610 3409 anno
2661 3342 2915 3409 Gratiae

809 3445 1156 3512 millesimo
1202 3446 1558 3513 centesimo
1605 3445 2147 3533 quinquagesimo
2190 3445 2417 3531 primo.

1319 3686 1665 3767 Robertus,
1712 3684 1740 3721 ⁴
1763 3693 2034 3755 octavus
2077 3685 2396 3752 demus.

529 3859 736 3920 Robert,
904 3854 1236 3922 Robertus
1263 3853 1514 3919 Abbas.
1607 3853 1741 3918 Hic
1768 3852 1984 3918 dictus
2016 3856 2121 3919 est
2153 3860 2186 3888 “
2204 3851 2621 3917 Reformator
2647 3850 2913 3916 liberta-

500 3926 769 4042 2123}th
816 3965 852 3996 “
880 3962 1030 4023 tum
1078 3955 1382 4023 Ecclesiae
1430 3954 1660 4020 Sancti
1718 3953 2025 4022 Albani?
2114 3954 2263 4033 Hic,
2326 3975 2412 4019 ex
2468 3952 2678 4019 nobili
2737 3951 2806 4018 N
2808 3974 2912 4018 or-

541 4060 735 4121 Abbot,
814 4082 1206 4126 mannorum
1261 4058 1982 4144 Cenomanensiumque
2051 4057 2349 4145 prosapia
2409 4056 2727 4144 originem
2791 4057 2916 4122 du-

514 4125 764 4244 ιιὲίῗὲζς
815 4187 984 4245 cens,
1019 4170 1220 4251 atque
1249 4161 1640 4228 venerabilis
1673 4160 1979 4226 Gaufi-idi
2007 4159 2308 4239 Abbatis,
2337 4160 2419 4225 de
2450 4181 2579 4246 quo
2611 4158 2917 4247 superius

476 4260 583 4379 ἓξ
597 4275 769 4377 {ssossff
812 4267 1215 4334 mentionem
1280 4264 1574 4346 fecimus,
1639 4285 1843 4352 nepos
1903 4264 2203 4339 existens,
2252 4262 2609 4327 liberarum
2656 4262 2915 4329 littera-

880 4505 1722 4561 ¹laudabiliterinMSNeron.i.
1906 4503 2916 4570 RadulfmAbbotstomuosyem

880 4588 902 4620 ²
922 4586 1119 4648 scilicet,
1137 4586 1324 4639 Albani
1342 4585 1603 4654 Gaujh'dt',
1623 4587 1679 4639 in
1700 4585 1812 4639 MS.
1907 4586 1982 4649 (p.
2011 4585 2146 4649 108).

813 4668 951 4719 Nero
970 4667 1037 4719 D.
1061 4666 1095 4718 i.
1974 4662 1995 4695 ⁴
2018 4663 2159 4725 xvi’.‚
2197 4665 2269 4729 by
2296 4663 2665 4725 inadvertenoe,
2699 4665 2753 4715 in
2794 4664 2908 4715 MS.

880 4746 903 4778 ³
925 4746 1050 4796 This
1105 4746 1149 4796 is
1204 4746 1504 4811 impossible,
1558 4745 1608 4796 if
1643 4746 1822 4796 Abbot
1912 4743 2152 4796 Claudius
2174 4743 2234 4794 E.
2258 4742 2322 4794 iv.

815 4826 1330 4892 GeoffreydiedAAE.
1353 4831 1479 4877 1146
1501 4826 1576 4890 (p.
1596 4825 1706 4890 96),
1721 4826 1821 4876 and
1862 4750 1869 4887 i
