3450 5717
906 799 1033 862 514
1702 812 2056 864 Arrmmnt
2097 796 2225 886 (n).

979 1002 1129 1057 Cum
1173 1006 1372 1057 autem
1407 1001 1701 1057 redissent
1736 1001 1937 1057 nuncii
1994 1001 2068 1056 de
2115 1000 2313 1067 Curia,
2354 1002 2737 1060 ostendebant
2772 1003 3015 1059 litteras

911 1087 1147 1145 Domini
1185 1087 1363 1158 Papae
1404 1085 1714 1157 Episcopis
1775 1085 2146 1152 memoratis;
2213 1087 2316 1158 qui
2375 1087 2564 1145 electo
2622 1089 3012 1161 scripserunt,

907 1171 1016 1229 sub
1053 1171 1163 1227 hac
1201 1171 1485 1227 forma.·-·

1419 1291 1652 1348 In’tterae
1689 1291 2103 1369 Episcoporum
2140 1291 2220 1348 ad
2255 1292 2502 1371 electum.

980 1411 1020 1445 “
1059 1407 1321 1482 H[ugo],
1361 1410 1473 1469 Dei
1498 1411 1710 1482 gratia,
1750 1410 2045 1482 Elyensis,
2075 1415 2137 1467 et
2171 1407 2523 1481 R[ogerus],
2561 1409 2765 1471 endem
2788 1412 3006 1483 gratia,

910 1497 948 1525 ‘⁶
993 1494 1431 1560 Londoniensis,
1472 1494 1768 1566 Episcopi,
1811 1494 1851 1549 J
1852 1494 2067 1553 ohanni
2103 1494 2177 1550 de
2213 1494 2520 1561 Hertford,
2574 1495 2759 1558 electo
2802 1496 3009 1555 Sancti

908 1581 947 1611 “
985 1580 1220 1645 Albani,
1262 1579 1529 1637 salutem.
1630 1577 1975 1639 Mandatum
2011 1578 2250 1637 Domini
2284 1579 2462 1650 Papae
2516 1579 2898 1652 suscepimus,
2936 1581 3007 1636 in

909 1664 947 1695 “
984 1663 1112 1719 haec
1160 1665 1359 1721 verba.
1381 1662 1484 1711 --¹
1505 1666 1519 1693 ⁶
1549 1662 1896 1734 Gregorius,
1959 1663 2307 1735 Episcopus.
2366 1667 2418 1719 et
2470 1663 2705 1719 coeterass
2801 1664 3004 1735 Hujus

905 1749 943 1773 ‘⁶
981 1748 1170 1817 igitur
1206 1748 1552 1804 auctoritate
1593 1747 1876 1811 mandati,
1915 1747 2084 1807 nobis
2137 1747 2492 1813 transmissi,
2544 1746 2711 1807 vobis
2762 1748 3005 1805 manda·

904 1832 943 1857 “
981 1849 1134 1897 mus,
1165 1832 1323 1903 quod
1359 1833 1455 1886 die
1492 1831 1674 1886 Lunoe
1711 1832 1979 1901 proxima
2010 1837 2146 1903 post
2181 1832 2426 1887 Festum
2452 1831 2650 1887 Sancti
2672 1831 2995 1897 Laurentii,

905 1917 944 1941 ‘⁶
981 1915 1044 1969 in
1080 1916 1349 1975 Ecclesia
1397 1915 1785 1973 Oonventuali
1833 1915 1989 1988 apud
2043 1915 2297 1975 Crucem
2348 1915 2569 1973 Roisiae
2616 1917 2998 1988 compareatis

905 2000 943 2027 “
983 2017 1181 2054 coram
1215 2000 1404 2065 nobis,
1444 2000 1635 2070 parati
1673 2000 2157 2055 examinationem
2194 1998 2412 2066 subire,
2441 2005 2503 2055 et
2526 2000 2835 2064 electionis,
2862 1999 2996 2055 Deo

905 2086 943 2115 ‘⁶
983 2084 1174 2150 dante,
1208 2084 1709 2140 confirmationem
1737 2084 2056 2156 suscipere,
2098 2084 2422 2140 secundum
2455 2084 2705 2140 formam
2739 2083 3000 2139 mandati

904 2169 943 2197 ‘⁶
980 2169 1038 2223 A
1079 2168 1367 2224 ostolici.”

972 2187 1140 2321 Qtiood
1191 2258 1251 2308 et
1298 2251 1499 2308 Abbas
1572 2251 1681 2308 sub
1734 2250 1895 2307 omni
1962 2250 2106 2308 fecit
2140 2251 2526 2309 'maturitate.
2613 2250 3003 2309 Affirmabant

898 2336 1101 2407 utique
1160 2341 1283 2393 tam
1342 2336 1621 2408 Episcopi
1679 2336 2009 2402 memorati,
2072 2341 2380 2408 postquam
2441 2337 2766 2402 audierant,
2819 2355 2998 2408 quam

898 2420 1099 2479 nuncii
1147 2419 1355 2487 nostri,
1419 2420 1575 2497 quod
1632 2421 1955 2499 prudenter
2002 2439 2350 2493 processum
2399 2427 2492 2479 est
2543 2423 2607 2477 in
2663 2423 2775 2481 hoc
2820 2440 3003 2493 nego-

896 2506 1017 2573 tio;
1084 2511 1145 2563 et
1191 2505 1422 2562 litteras
1474 2506 1849 2578 postulabant
1901 2504 1978 2560 ad
2025 2505 2477 2577 inspiciendum,
2540 2523 2686 2579 quas
2735 2505 3002 2565 Conven-

895 2596 994 2647 tus
1036 2588 1234 2649 Sancti
1268 2588 1487 2645 Albani
1525 2589 1778 2644 Domino
1815 2587 1992 2662 Papoe
2045 2589 2395 2654 transmisit,
2450 2590 2561 2644 sub
2613 2590 2995 2661 transcripto.

897 2673 1054 2743 Quas
1094 2674 1146 2730 si
1182 2674 1474 2749 inspicere
1535 2674 1853 2740 desiderat,
1906 2674 1971 2728 in
2019 2673 2166 2729 “hoc
2220 2673 2537 2740 volumine,
2593 2674 2697 2731 ubi
2751 2674 2996 2738 scilicet,

892 2757 1203 2831 pinguitur
1238 2758 1487 2827 avicula,
1540 2759 1761 2830 poterit
1794 2758 2082 2827 invenire,
2099 2786 2173 2799 --
2193 2758 2364 2831 cujus
2399 2757 2638 2821 rubrica
2687 2765 2749 2815 et
2786 2758 2999 2815 titulus

891 2841 1030 2901 talis
1070 2845 1162 2899 est
1179 2862 1272 2907 3-

891 2968 1119 3024 Litterae
1158 2967 1349 3024 ἠνίεεω
1399 2968 1633 3024 Domino
1662 2968 1841 3040 Papae
1883 2969 1951 3024 de
2002 2974 2175 3025 mone
2229 2969 2463 3026 Abbatia
2521 2970 2545 3007 ³
2569 2969 2867 3036 willelmi,
2926 2970 2995 3027 de

953 3053 1152 3122 forma
1229 3051 1511 3107 electionis
1571 3053 1813 3109 alterius
1872 3052 2105 3110 Abbatie
2169 3053 2566 3122 substituendi,
2626 3055 2757 3126 jam
2814 3056 2988 3119 electi,

962 3136 1192 3203 scilicet,
1232 3136 1276 3192 J
1277 3136 1560 3192 ohannis!

964 3246 1145 3323 [Cum
1180 3247 1305 3303 haec
1341 3265 1477 3303 cum
1510 3251 1773 3322 tempore
1809 3247 2115 3309 evolvente
2151 3248 2542 3315 elaberentur,
2581 3249 2781 3307 nuncii
2820 3250 2995 3305 electi

891 3338 954 3388 et
988 3332 1325 3415 Oviventus
1376 3331 1658 3387 Ecclesiae
1716 3331 1917 3389 Sancti
1966 3331 2203 3398 Albani,
2261 3332 2377 3389 duo
2411 3333 2702 3399 monachi,
2742 3333 2988 3398 scilicet,

887 3417 1181 3488 Magister
1215 3416 1580 3487 Reginssldus
1602 3417 1918 3491 Physicus,
1958 3422 2019 3475 et
2054 3417 2342 3474 Dominus
2366 3418 2649 3474 Nioolaus
2675 3417 2749 3473 de
2774 3417 2992 3474 Sancto

887 3501 1136 3565 AlbanO,
1177 3500 1348 3556 ambo
1397 3501 1750 3573 presbyteri,
1808 3500 1925 3555 viri
1975 3501 2296 3572 prudentes
2352 3508 2413 3558 et
2465 3501 2793 3574 compositi,
2851 3520 2991 3557 cum

891 3585 1014 3640 suis
1080 3584 1335 3651 clericis,
1397 3582 1691 3657 Magistro
1753 3582 2021 3643 Galfrido
2088 3585 2161 3640 de
2222 3586 2546 3658 Langeleia
2604 3592 2665 3642 et
2723 3585 2991 3643 Galen-ido

889 3668 1155 3734 FocariO,
1197 3668 1510 3734 serviente,
1569 3674 1631 3723 et
1677 3668 1831 3733 aliis,
1870 3667 2151 3724 habentes
2201 3671 2433 3726 litteras
2485 3669 2817 3725 Oonventus
2852 3688 2989 3742 pro-

887 3752 1231 3817 curatorias,
1274 3752 1388 3807 iter
1424 3753 1801 3825 arripuerunt
1830 3769 2039 3808 versus
2083 3752 2325 3810 Ouriam
2357 3755 2681 3810 Romanam
2714 3753 2778 3809 in
2812 3753 2989 3809 Octa-

884 3838 978 3893 vis
1014 3837 1275 3900 Paschae,
1315 3837 1557 3902 scilicet,
1599 3837 1850 3908 septimo
1900 3836 2128 3892 decimo
2165 3837 2452 3894 Calendas
2500 3838 2666 3903 Maii,
2707 3837 2988 3909 precibus

885 3922 1147 3978 omnium
1183 3922 1436 3977 fratrum
1491 3920 1900 3979 commendati.
1998 3919 2111 3977 Hae
2163 3927 2361 3978 autem
2415 3922 2655 3978 fuerunt
2703 3939 2987 3993 procura-

884 4006 1072 4062 tiones
1111 4022 1256 4079 quas
1294 4022 1496 4063 secum
1532 4005 1873 4061 detulerunt
1888 4026 1977 4059 2-—
2406 4069 2417 4080 ὑ

960 4095 998 4120 “
1032 4089 1545 4148 Reverendissimo
1581 4088 1851 4154 Domino,
1904 4092 1965 4143 ct
2009 4088 2176 4145 Patri
2233 4090 2298 4145 in
2357 4090 2595 4147 Christo
2654 4089 2980 4156 carissimo,

889 4176 928 4202 “
968 4173 1277 4246 GregoriO,
1317 4171 1431 4230 Dei
1467 4173 1678 4245 gratia,
1728 4173 1970 4229 Summo
1993 4173 2285 4239 Pontifici,
2313 4174 2511 4230 devoti
2533 4173 2643 4229 filii
2666 4173 2776 4239 sui,
2802 4172 2985 4228 Prior

886 4262 925 4288 “
961 4263 1022 4314 et
1068 4258 1406 4314 Conventus
1457 4257 1657 4315 Sancti
1704 4256 1942 4320 Albani,
1995 4262 2115 4317 tam
2166 4257 2440 4313 devotam
2476 4275 2655 4328 quam
2699 4256 2980 4323 debitam,

945 4441 963 4473 ¹
987 4440 1084 4491 See
1102 4441 1206 4491 this
1227 4440 1280 4490 in
1299 4440 1397 4491 full
1416 4440 1597 4501 below,
1619 4456 1670 4503 p.
1685 4445 1800 4490 516.
2047 4441 2071 4473 ³
2099 4439 2328 4491 Gulielmi
2346 4441 2401 4491 iu
2423 4441 2611 4493 Wats's
2632 4448 2760 4493 text.

942 4519 1869 4572 ²MatthevParishasinsertedthis
2047 4520 2532 4571 ‘Thelettersand
2568 4519 2980 4570 narrativehere

875 4608 1092 4652 account
1108 4599 1163 4649 in
1184 4596 1264 4650 his
1286 4599 1531 4651 Chronica
1544 4599 1774 4664 Major-a,
1787 4601 1865 4650 in-
1976 4598 2197 4651 referred
2217 4607 2286 4661 to,
2310 4615 2396 4651 are
2416 4599 2574 4665 given
2596 4601 2716 4650 hem
2735 4598 2867 4649 from
2889 4599 2979 4649 the

876 4680 1018 4730 svend
1040 4678 1103 4728 of
1125 4693 1309 4744 among
1331 4679 1416 4731 the
1438 4679 1785 4730 Additamentu
1806 4679 1861 4731 in
1980 4678 2455 4747 ChronicaMajom,
2467 4696 2528 4729 or
2539 4676 2979 4742 Hmuajor,

878 4759 990 4811 Ms.
1003 4757 1141 4809 Nero
1161 4757 1228 4809 D.
1251 4757 1310 4820 i.,
1329 4772 1387 4808 as
1406 4757 1527 4812 here
1548 4760 1725 4810 stated.
1970 4776 2062 4812 aa.
2090 4765 2235 4820 1235,
2258 4759 2435 4812 within
2456 4774 2636 4826 square
2656 4757 2906 4810 brackets.
