3450 5717
853 772 986 848 478
1582 788 1799 843 oss-ra
1841 789 2170 844 asma-tm

572 991 759 1059 Roget,
849 981 1184 1050 Abbatem
1236 985 1305 1049 et
1351 981 1679 1069 Rogerum
1751 982 1833 1048 de
1884 981 2208 1048 Miridene
2278 1003 2473 1070 super
2522 1000 2719 1051 eursu
2763 1004 2951 1073 aquae

569 1059 760 1189 Kssbflgt,
849 1108 998 1173 quae
1041 1088 1317 1153 vocatur
1359 1090 1398 1122 “
1420 1085 1775 1152 Redburne
1795 1084 1832 1112 ’³
1874 1085 2138 1153 ibidem.

593 1194 731 1245 A-D·
935 1186 1126 1269 Item,
1202 1189 1984 1276 quietam-clamationem
2053 1190 2298 1276 Rogeri
2373 1191 2454 1256 de
2521 1190 2799 1278 Eydone
2868 1192 2949 1259 de

544 1265 736 1371 ¹²22?
741 1266 788 1313 ⁰·
846 1295 1082 1361 semita
1111 1298 1181 1363 et
1231 1291 1653 1362 ¹communia
1694 1298 1986 1382 pasturae
2030 1293 2103 1361 in
2149 1294 2354 1362 Bosoo
2404 1295 2487 1361 de
2538 1295 2838 1363 Badesho
2880 1297 2951 1363 in

505 1394 752 1449 Common
767 1395 822 1449 in
849 1397 1126 1464 Lutone.

502 1463 737 1583 ffiezho
935 1501 1127 1581 Item,
1220 1500 2007 1591 quietam-clamationem
2093 1501 2140 1570 J
2141 1500 2418 1570 ohannis
2500 1503 2756 1592 Lowyn
2866 1504 2950 1570 de

503 1597 612 1653 The
635 1598 754 1654 ΗΒΘ·
846 1604 1092 1672 eodem.

505 1716 690 1767 Rental
710 1716 766 1767 in
934 1708 1130 1790 Item,
1200 1710 1593 1797 perquisivit
1654 1710 2125 1798 obligationem
2185 1707 2499 1776 willelmi
2539 1712 2622 1778 de
2684 1711 2944 1781 Juvene

676 1810 700 1821 '
844 1834 1041 1902 super
1081 1813 1630 1880 warantizatione
1674 1813 1975 1879 redditus
2019 1813 2092 1879 in
2138 1812 2588 1901 Pottesgrave.

500 1928 647 1983 Laud
666 1936 721 1982 at
934 1916 1127 1996 Item,
1188 1916 1556 2004 adquisivit
1629 1916 1711 1982 de
1782 1916 2047 1984 Abbate
2110 1920 2181 1983 et
2242 1915 2600 1984 Conventu
2665 1917 2749 1984 (16
2790 1918 2949 1987 Wo-

499 1995 693 2049 Pottae·
843 2019 1055 2087 burne
1121 2042 1326 2089 unam
1387 2042 1607 2089 aeram
1667 2023 1860 2088 terrae
1903 2020 1978 2087 in
2037 2020 2482 2111 Pottesgrave,
2545 2022 2945 2112 assignatam

500 2078 669 2131 gravo.
843 2122 1056 2191 eidem
1102 2125 1402 2192 eeclesiae.

500 2237 618 2289 Mill
639 2237 700 2289 οε
931 2228 1120 2309 Item,
1191 2229 1484 2296 obtinuit
1558 2227 2344 2318 quietam-clamationem
2427 2229 2474 2296 J
2474 2228 2751 2296 ohannis
2817 2231 2944 2298 filii

498 2305 785 2361 &thm-
842 2330 1026 2399 Petri
1071 2331 1291 2412 Pikot,
1335 2336 1406 2402 et
1451 2330 1792 2423 Ranulphi
1824 2331 2275 2415 Mounohensi,
2320 2332 2403 2402 de
2432 2333 2809 2401 molendino
2852 2335 2935 2403 de

743 2449 748 2453 ’
840 2436 911 2504 N
911 2436 1202 2527 orthage.
2907 2450 2913 2456 ’

499 2553 798 2607 'renemenoe
931 2539 1119 2621 Item,
1188 2539 1970 2628 quietam-clamationem
2016 2539 2314 2607 Mazeliae
2364 2540 2521 2605 filiae
2585 2540 2939 2629 RanulphL

496 2620 550 2675 ¹¹¹
573 2620 763 2690 Oxeye.
839 2644 1298 2713 molendinarii
1344 2645 1426 2710 (16
1473 2644 1722 2732 Oxeye,
1775 2644 1855 2711 de
1900 2645 2299 2710 tenementis
2346 2643 2421 2708 in
2470 2642 2714 2730 Oxeye.

495 2769 640 2821 Laud
662 2776 715 2822 at
927 2748 1118 2829 Item,
1185 2747 1548 2836 adquisivit
1610 2749 1691 2815 (16
1756 2747 1805 2813 J
1805 2746 2064 2815 ohanne
2127 2746 2209 2814 de
2273 2746 2671 2814 Brutewelle
2723 2751 2937 2816 totam

494 2837 777 2904 Pyneefeld.
837 2854 1085 2919 terram
1121 2844 1317 2918 ‘suam
1364 2851 1444 2917 de
1491 2850 1867 2938 Pynesfeld.

494 2988 605 3038 One
625 3003 755 3039 mes-
925 2953 1118 3034 Item,
1165 2954 1461 3021 obtinuit
1510 2953 2301 3042 quietam-clamationem
2351 2954 2629 3021 Henrici
2672 2956 2734 3021 16
2780 2957 2935 3024 Lar·-

492 3070 647 3120 suage
669 3061 722 3107 at
834 3058 1023 3125 diner
1069 3058 1150 3125 de
1202 3079 1335 3124 uno
1380 3058 1747 3145 messuagio
1791 3057 1865 3124 in
1912 3058 2076 3124 villa
2121 3058 2201 3123 de
2249 3056 2653 3145 Sandsugge.

491 3123 807 3254 Zasaqrsgge.
923 3164 1117 3245 Item,
1190 3164 1553 3252 adquisivit
1625 3165 1921 3230 chartam
1988 3161 2357 3230 Alexandri
2428 3162 2788 3232 Passelewe
2854 3166 2937 3233 de

492 3272 591 3321 and
611 3285 755 3321 111001·
833 3273 1023 3356 prato
1075 3271 1143 3333 et
1190 3288 1373 3335 mora
1424 3268 1497 3333 in
1549 3267 1711 3333 villa
1755 3268 1839 3334 (16
1892 3266 2295 3355 Sandrugge.

489 3337 726 3472 {fssgsgffgd’
923 3371 1114 3449 Item,
1159 3370 1938 3457 quietam-clamationem
2012 3370 2288 3437 Roberti
2354 3368 2479 3435 filii
2529 3369 2794 3438 Ricardi
2853 3373 2937 3438 (16

490 3484 767 3537 Tenement
835 3472 1310 3540 Walemounde
1356 3474 1438 3541 de
1483 3495 1618 3539 uno
1663 3478 2044 3541 tenemento
2093 3474 2165 3539 in
2216 3473 2623 3562 Sandrugge.

488 3552 728 3684 ffigsgffffd‘
873 3598 882 3605 ’
923 3578 1117 3659 Item,
1172 3574 1466 3643 obtinuit
1505 3577 1821 3664 scriptum
1872 3575 2150 3643 Walteri
2215 3576 2296 3642 de
2344 3574 2605 3663 Nevyle
2655 3577 2739 3644 de
2800 3580 2933 3645 ter·

488 3700 721 3749 Meadow
742 3704 795 3751 at
832 3681 931 3747 tia
973 3686 1160 3768 parte
1206 3678 1543 3766 cujusdam
1589 3680 1767 3767 prati
1818 3679 1891 3745 in
1936 3678 2098 3745 villa
2142 3678 2224 3744 de
2270 3678 2633 3767 Sandruge.

490 3766 812 3885 {znssffigg}
922 3784 1113 3863 Item,
1180 3784 1316 3849 suis
1384 3782 1810 3871 temporibus,
1878 3782 2008 3848 fuit
2079 3781 2432 3849 conventio
2508 3782 2685 3849 faeta
2753 3783 2934 3850 inter

522 3907 686 3951 astare
709 3901 765 3952 in
828 3890 1046 3977 ipsum
1091 3891 1160 3953 et
1191 3885 1546 3952 Ricardum
1591 3886 1672 3952 (16
1717 3886 2107 3974 Langeleya,
2140 3906 2335 3973 super
2364 3886 2737 3952 communia
2780 3909 2932 3975 pas-

487 3915 716 4085 Ξξξξὲῗῖ
828 3998 998 4058 turae
1042 3990 1116 4057 in
1145 3990 1349 4056 Bosco
1397 3989 1477 4056 de
1524 3989 1876 4077 Langleye,
1907 3988 2166 4070 Sareth,
2201 3989 2599 4072 Westwode,
2646 3995 2717 4056 et
2761 4013 2927 4078 qua·

831 4096 985 4161 dam
1029 4095 1267 4160 semita
1309 4093 1385 4157 in
1429 4092 1605 4158 dicto
1650 4091 1843 4158 bosco
1889 4090 1970 4158 (16
2013 4092 2325 4180 Langley.

484 4178 778 4230 Advowson
916 4203 1109 4282 Item,
1157 4200 1451 4268 obtinuit
1513 4198 2302 4286 quietam-clamationem
2364 4198 2793 4289 ⁹[Wi1101mi]
2838 4201 2926 4271 de

485 4244 719 4364 glfigons
831 4305 1204 4393 Greystoke
1249 4305 1329 4371 de
1376 4303 1810 4370 advocatione
1856 4303 2140 4370 eeclesiae
2190 4304 2272 4369 de
2320 4302 2658 4370 Coneselif.

485 4401 756 4523 fflessg
919 4413 1082 4500 Ejus
1128 4433 1384 4501 quoque
1413 4416 1722 4500 tempore,
1774 4410 2049 4478 fuerunt
2090 4408 2263 4478 faeta
2313 4410 2504 4498 plura
2549 4410 2799 4500 scripta
2843 4412 2928 4481 de

827 4521 1018 4605 paeto
1081 4516 1261 4582 inter
1321 4517 1600 4584 eundem
1654 4519 1723 4582 et
1796 4514 2192 4602 Magistrum
2261 4512 2307 4580 J
2310 4512 2639 4581 ohannem
2708 4514 2926 4583 Clarel

1261 4672 1298 4677 -—
1395 4673 1536 4678 -———
1587 4672 1722 4679 ..φ-.-.σ-
1758 4672 1923 4679 ——u—
2110 4672 2129 4677 .-
2172 4672 2359 4677 -Ἢ-..-
2564 4672 2775 4677 H*—

828 4672 994 4680 -———

887 4751 900 4782 ¹
926 4750 1146 4801 cornunia
1168 4749 1220 4802 in
1241 4749 1353 4801 MS.
1870 4749 1884 4818 Ι
1976 4748 1998 4781 ²
2022 4747 2246 4802 Omitted
2260 4748 2312 4802 in
2329 4750 2441 4803 MS.
2462 4771 2476 4811 3
2500 4764 2582 4800 see
2599 4765 2648 4815 p.
2666 4755 2765 4801 428
2780 4759 2909 4802 mee.
