3450 5717
1145 864 1566 914 MONASTERII
1616 865 1859 914 smcrl
1904 865 2172 914 ALBANI.
2579 852 2701 913 101

689 1045 1048 1132 Postquam
1101 1047 1260 1113 data
1313 1049 1569 1115 monita
1616 1047 1937 1114 salutaria
1988 1048 2255 1135 virgini,
2306 1049 2557 1115 Praesul
2601 1072 2701 1115 re·
2763 1044 3019 1165 Gequgey,

595 1150 781 1217 misit
841 1174 983 1217 eam
1044 1153 1129 1219 ad
1191 1154 1567 1242 Rogerum3
1646 1176 1796 1241 quae
1855 1176 2004 1221 cum
2065 1176 2141 1221 eo
2201 1156 2564 1243 permansit
2626 1155 2697 1220 in
2788 1180 2982 1241 Abbot,

596 1251 861 1319 heremo
902 1277 1111 1342 usque
1155 1256 1242 1321 ad
1286 1258 1428 1344 ejus
1472 1256 1749 1335 obitum,
1779 1258 2071 1323 serviens
2100 1258 2242 1323 Deo
2288 1258 2359 1322 in
2391 1257 2696 1324 castitate
2760 1247 2984 1365 „ffb

594 1359 665 1420 et
693 1355 1090 1438 innocentia,
1118 1358 1193 1423 in
1220 1359 1597 1426 humilitate
1626 1364 1695 1425 et
1727 1360 2071 1446 patientia,
2094 1359 2298 1446 juxta
2327 1358 2691 1426 doctrinam
2811 1405 2949 1422 —
2989 1353 3001 1366 ”

594 1479 799 1536 suam,
829 1459 1034 1527 donec
1078 1461 1337 1528 culmen
1365 1462 1698 1528 virtutum
1745 1463 2044 1528 omnium
2079 1462 2425 1550 attigisset.
2517 1462 2689 1527 Tan-

595 1559 742 1624 dem
799 1570 1081 1629 vocante
1142 1564 1302 1643 Dec,
1363 1565 1469 1630 cui
1532 1564 1883 1646 serviebat,
1962 1566 2281 1652 Rogerus,
2357 1565 2688 1630 mundum
2712 1575 2886 1643 Rogm-
2907 1581 3028 1644 dies,

592 1662 908 1745 deserens,
939 1666 1122 1731 viam
1152 1669 1480 1733 universae
1511 1669 1726 1733 carnis
1770 1668 2103 1755 ingressus
2135 1672 2238 1733 est
2266 1692 2282 1747 ;
2326 1689 2686 1755 corpusque
2710 1645 2888 1762 ἓξὲξ
2909 1713 2961 1763 in

590 1764 730 1849 ejus
780 1766 1078 1833 delatum
1130 1775 1235 1835 est
1282 1769 1368 1835 ad
1419 1770 1901 1836 Monasterium
1951 1769 2182 1835 Sancti
2235 1769 2505 1850 Albani,
2566 1769 2685 1836 ubi
2710 1777 2798 1828 the
2820 1779 3009 1832 chun-oh

588 1867 833 1936 honore
892 1872 1215 1961 condigno
1275 1877 1378 1937 est
1438 1872 1790 1939 humatum
1850 1872 1925 1937 in
1973 1877 2243 1940 arcuato
2296 1873 2526 1940 locello
2570 1871 2684 1960 qui
2709 1844 2943 1964 {1322

587 1971 666 2036 fit
716 1972 790 2036 in
849 1995 1039 2040 muro
1122 1974 1408 2041 ecclesiae
1465 1997 1693 2043 versus
1753 1974 2096 2057 Austrum,
2157 1997 2357 2063 prope
2417 1976 2686 2042 chorum

587 2071 870 2140 flatrum
916 2075 1080 2143 dicti
1126 2077 1267 2143 loci.

675 2175 840 2242 Post
890 2178 1074 2265 cujus
1122 2178 1402 2260 obitum,
1449 2202 1598 2246 cum
1643 2180 1937 2247 Cristina
1984 2180 2201 2245 multa
2251 2184 2682 2257 tentamenta,
2707 2192 2819 2243 The
2835 2194 3052 2247 Savium·

588 2283 656 2343 et
707 2302 872 2367 pene
930 2282 1398 2370 importabilia,
1461 2284 1903 2360 sustinuisset,
1956 2288 2097 2348 tam
2145 2281 2433 2347 humana
2482 2304 2679 2369 quam
2704 2270 2990 2391 afflat?

587 2382 925 2462 diabolica,
978 2390 1046 2450 et
1108 2407 1362 2473 semper
1411 2386 1687 2452 -fortiter
1746 2385 2120 2465 restitisset,
2181 2384 2489 2471 apparuit
2549 2385 2678 2450 sibi
2704 2395 2926 2461 sensibly

586 2484 912 2553 Dominus
951 2477 1194 2554 ‘Ihesus
1230 2487 1553 2568 Christus,
1587 2489 1660 2554 in
1695 2488 1908 2576 specie
1954 2487 2235 2575 parvuli,
2266 2488 2538 2553 veniens
2582 2489 2685 2553 ‘m-
2705 2463 2806 2511 ²¹¹⁶
2826 2462 3010 2528 visibly

585 2594 688 2655 ter
726 2590 996 2656 brachia
1040 2613 1293 2677 sponsae
1325 2613 1480 2669 suae,
1523 2613 1599 2657 ac
1648 2614 1765 2678 per
1796 2590 1971 2656 diem
2021 2589 2358 2677 integrum
2411 2612 2685 2655 manens

584 2715 730 2757 cum
775 2692 906 2771 illa,
937 2693 1265 2758 sensibilis
1295 2698 1366 2759 et
1393 2692 1720 2774 visibilis3
1765 2698 1834 2758 et
1878 2698 2124 2759 extunc
2155 2692 2368 2759 omnis
2404 2693 2685 2759 tentatio

584 2795 668 2859 ab
699 2795 816 2860 illa
845 2797 939 2861 sic
968 2797 1260 2875 evannit,
1310 2802 1389 2862 ut
1413 2818 1777 2883 ‚nunquam
1823 2795 2029 2861 ullam
2073 2795 2511 2862 tentationem
2560 2795 2680 2861 ali-

578 2903 903 2984 quatenus
959 2899 1362 2964 formidaret.
1458 2898 1717 2964 Deinde
1794 2899 2015 2986 coepit,
2094 2897 2352 2964 virtute
2429 2899 2679 2979 divina,
2702 2908 2921 3027 {¹33²}

455 3036 458 3039 -
578 3000 818 3086 spiritu
906 3001 1271 3089 prophetiae
1347 3003 1718 3080 clarescere,
1798 3000 2261 3066 miraculorum
2341 3000 2678 3088 patratrix
2704 3041 2850 3107 spirit
2870 3043 2931 3092 of

577 3103 896 3185 existere3
969 3104 1042 3168 in
1104 3109 1389 3186 tantum,
1450 3107 1530 3170 ut
1591 3105 1771 3170 fama
1831 3105 2169 3169 virtutum
2245 3102 2387 3189 ejus
2465 3110 2678 3169 totam
2702 3109 2972 3176 propheey.

577 3208 860 3295 patriam
905 3208 1293 3295 pervolaret.

659 3524 758 3590 Dc
801 3522 1172 3591 virtutibus
1221 3521 1654 3602 Glari-stream,
1699 3520 2066 3589 Przmvvzesoe
2111 3520 2193 3588 de
2238 3520 2321 3585 M
2317 3519 2604 3617 arleJate.
2672 3505 2680 3513 ⁶

665 3713 764 3780 Eo
817 3720 1129 3802 tempore,
1180 3715 1536 3795 Galfridus,
1594 3714 1822 3780 Abbas
1872 3713 2097 3778 Sancti
2144 3711 2409 3789 Albani,
2440 3734 2670 3800 propo·
2696 3729 2908 3795 Aiured,
2932 3749 2964 3783 a

574 3824 797 3883 suerat
855 3840 1066 3884 unum
1129 3819 1291 3905 quid
1351 3841 1420 3884 se
1449 3866 1462 3876 -
1478 3818 1731 3906 grande
1791 3816 2138 3897 facturum,
2217 3816 2393 3882 unde
2453 3816 2669 3881 Deum
2692 3799 2933 3916 ssffig‘}

569 3920 990 4009 intelligebat
1035 3921 1299 4000 offendi,
1330 3944 1465 3988 non
1496 3922 1640 3987 sine
1669 3920 1778 3986 sui
1811 3918 2111 4007 Capituli
2154 3917 2667 4006 perturbatione.
2695 3931 2770 3983 St.
2783 3932 2999 3986 Albon’s

571 4024 990 4111 Propositum
1043 4047 1236 4091 suum
1288 4030 1516 4091 tamen
1584 4024 1881 4091 nondum
1941 4022 2249 4107 cuiquam
2309 4023 2670 4088 communi-
2694 4008 2980 4129 mm&

565 4134 848 4194 caverat.
941 4127 1223 4194 Vixerat
1266 4134 1489 4194 autem
1528 4128 1601 4192 in
1646 4126 1937 4192 Ecclesia
1965 4125 2194 4191 Sancti
2241 4126 2507 4205 Albani,
2543 4125 2666 4192 sub
2690 4133 2926 4252 ἒίιοῖωᾱίζο

563 4230 839 4317 praefato
886 4229 1172 4308 Abbate,
1232 4230 1341 4297 vir
1394 4230 1666 4319 quidam
1717 4230 1944 4317 magni
2002 4229 2389 4307 testimonii,
2433 4236 2471 4265 “
2499 4229 2665 4295 Alu-
2691 4267 2785 4316 hm·
2805 4282 2837 4317 a
2857 4282 2966 4320 w..

568 4340 606 4371 “
633 4332 885 4400 redus”
933 4334 1215 4413 nomine,
1246 4338 1447 4400 notus
1480 4332 1793 4400 Cristinae
1836 4333 1913 4398 in
1956 4330 2101 4397 vita
2144 4352 2264 4397 sua
2285 4357 2302 4412 ;
2350 4331 2483 4418 qui,
2519 4332 2665 4419 jam
2689 4333 2985 4451 &inin-ten-

564 4437 886 4503 mundum
939 4436 1257 4514 deserens,
1290 4438 1502 4502 vitam
1550 4459 1686 4502 non
1739 4436 2066 4515 amiserat,
2109 4435 2220 4500 sed
2267 4440 2660 4503 mutaverat.
2687 4415 2865 4519 Aszgt

564 4542 714 4618 Hic,
758 4563 1078 4628 apparens
1139 4541 1449 4607 Cristinae
1509 4538 1882 4620 visibiliter,
1938 4538 2275 4605 candelam
2332 4538 2404 4601 in
2457 4560 2663 4604 manu
2690 4534 2944 4601 Gooffrey.

561 4648 850 4732 gestans,
881 4644 979 4709 ait
1002 4652 1146 4723 ;—“
1167 4642 1494 4709 Dominus
1523 4641 1770 4727 Abbas,
1801 4641 2180 4722 Gauii-idus,
2205 4640 2452 4726 absque
2473 4640 2666 4729 Capi-
