3450 5717
472 1124 678 1186 Robert,

511 1192 629 1242 18th

476 1258 669 1319 Abbot,

509 1324 645 1375 ΑΒ.

452 1397 695 1448 1151-66.

424 1663 578 1714 Prior
599 1665 658 1714 of

422 1730 592 1795 Tyne—

421 1797 613 1857 mouth,

424 1864 684 1941 supplanta

422 1930 574 1990 Ehas,

426 1998 600 2047 Abbot
621 1997 683 2048 of

425 2064 595 2129 Selby.

426 2642 646 2694 German
667 2642 711 2694 is

421 2710 735 2840 “mssa

427 2841 646 2908 through

424 2909 508 2961 the
657 2925 724 2975 cy

427 2975 488 3026 of
518 2976 566 3026 A
600 2978 692 3026 bot

427 3041 633 3103 Robert,
655 3041 698 3093 is

426 3107 601 3173 finally

425 3176 657 3227 restored.

755 827 880 888 120
1505 838 1718 886 essm
1765 837 2091 911 ABBATUM

872 1120 1086 1187 Prior
1130 1118 1211 1187 dc
1261 1121 1688 1207 Tyncmutha
1733 1120 1973 1187 electas
2017 1129 2111 1189 est
2154 1122 2240 1187 in
2284 1120 2611 1187 Abbatem
2655 1120 2735 1186 cle

1677 1224 1944 1310 Selebye.

847 1382 1022 1446 Dum
1070 1388 1292 1447 autem
1342 1382 1504 1446 talia
1549 1381 1832 1447 feliciter
1878 1386 2510 1459 consummarentur,
2562 1388 2631 1445 et
2676 1379 2855 1467 apud

757 1485 974 1549 Deum
1020 1489 1089 1549 et
1133 1484 1431 1549 homines
1476 1483 1746 1550 ecclesia
1802 1483 1946 1549 haec
2004 1483 2291 1570 gratiose
2342 1489 2852 1569 prosperaretur,

754 1588 946 1653 bonae
976 1587 1446 1652 recordationis
1478 1587 1806 1651 Dominus
1839 1587 2225 1663 Germanus»,
2254 1585 2614 1650 monachus
2659 1585 2856 1672 hujus

755 1690 1054 1768 ecclesiae,
1105 1696 1173 1755 et
1221 1690 1408 1753 Prior
1458 1689 1540 1754 de
1593 1689 1977 1768 Thinemue‚
2031 1688 2278 1754 electus
2326 1694 2393 1753 et
2453 1695 2709 1754 creatus
2753 1695 2853 1754 est

756 1792 825 1856 in
879 1792 1212 1857 Abbatem
1276 1792 1358 1857 de
1411 1791 1631 1876 Selby,
1695 1792 1781 1858 ad
1841 1790 2371 1856 reformationem
2425 1791 2691 1868 ordinis,
2741 1790 2853 1877 qui

754 1895 1000 1960 ibidem
1062 1895 1445 1982 deperierat,
1509 1894 1681 1982 Elya
1742 1895 2006 1960 Abbate
2082 1893 2370 1970 cedente,
2440 1915 2557 1981 per
2620 1894 2853 1959 Archi-

755 1999 1130 2085 episcopum
1190 1998 1684 2074 Eboracensem,
1750 1997 2113 2062 Henricum
2180 1996 2471 2073 Murdac‚
2536 1997 2607 2061 in
2668 1992 2855 2082 cujus

761 2100 1041 2165 Dioecesi
1089 2100 1268 2165 dicta
1313 2100 1580 2166 ecclesia
1623 2101 1706 2165 de
1755 2100 1960 2184 Selby
2006 2122 2141 2165 esse
2187 2099 2565 2165 dinoscitur.
2682 2099 2853 2165 Prae-

755 2205 972 2268 fuerat
1030 2202 1205 2268 enim
1281 2203 1454 2267 idem
1531 2203 1736 2290 Elyas
1809 2202 2038 2268 Abbas
2099 2201 2295 2268 dictae
2355 2202 2640 2268 ecclesiae
2699 2225 2854 2283 suae,

754 2310 982 2394 pastor
1008 2306 1261 2371 nescius
1302 2310 1371 2371 et
1405 2306 1726 2371 remissus,
1820 2305 1953 2371 Sed
1983 2304 2487 2392 Archiepiscopo
2529 2304 2854 2382 defuncto,

759 2409 1065 2488 HenricO,
1115 2415 1516 2475 memoratus
1578 2410 1803 2495 Elyas,
1854 2396 2140 2494 *expulso
2204 2407 2552 2487 Germano,
2615 2408 2857 2473 irreve-

757 2518 979 2577 renter
1039 2533 1107 2577 se
1169 2512 1446 2577 intrusit
1504 2512 1578 2576 in
1626 2511 2036 2577 Abbathiam
2097 2510 2180 2576 de
2232 2509 2453 2596 Selby,
2495 2531 2564 2574 se
2614 2510 2859 2576 faciens

756 2614 1091 2680 Abbatem
1135 2614 1505 2679 exclamari.
1600 2614 1971 2679 Germanus
2002 2633 2160 2679 vero
2205 2614 2290 2677 ad
2337 2613 2604 2677 domum
2650 2635 2855 2693 suam,

756 2717 1016 2795 scilicet,
1081 2716 1307 2782 Sancti
1366 2716 1630 2793 Albani,
1692 2717 1970 2797 rediens,
2032 2715 2387 2782 honorifice
2449 2714 2534 2780 ab
2594 2716 2858 2783 Abbate

757 2818 1045 2885 Roberto
1090 2825 1162 2884 et
1211 2817 1297 2883 'a
1325 2823 1471 2884 toto
1521 2818 1894 2898 Conventu,
1942 2825 2022 2885 ut
2071 2818 2311 2897 decuit,
2359 2824 2701 2904 susceptus
2745 2825 2857 2885 est.

757 2923 946 2987 Misit
996 2921 1203 3009 igitur
1242 2921 1468 2986 Abbas
1513 2921 1843 2987 Robertus
1889 2944 2097 2986 unum
2139 2918 2529 2985 monachum
2575 2921 2656 2985 de
2710 2944 2860 2985 nos-

755 3025 877 3090 tris
925 3024 1201 3088 Romam
1238 3023 1650 3103 festinanter,
1682 3046 1879 3111 super
1937 3023 2060 3088 tali
2098 3023 2345 3109 injuria
2388 3022 2859 3107 querimoniam

759 3127 1044 3192 Domino
1076 3126 1275 3213 Papae
1322 3126 1780 3213 repositurum.
1879 3126 2033 3205 Qui,
2082 3125 2314 3191 audita
2353 3125 2473 3189 tali
2502 3147 2860 3213 praesump·

758 3230 954 3306 tione,
987 3233 1351 3294 commotus
1398 3234 1498 3293 est
1539 3229 1755 3305 valde,
1800 3228 2001 3292 talem
2049 3233 2434 3313 tantamque
2480 3227 2857 3293 abusionem

758 3330 1144 3398 terribiliter
1195 3332 1595 3418 compescuit
1656 3336 1724 3395 et
1777 3328 2083 3416 punivit3
2135 3329 2455 3407 similiter,
2505 3330 2858 3395 Osbertum

759 3433 1330 3510 Archidiaconum,
1359 3432 1558 3518 hujus
1601 3433 1696 3498 rei
1737 3433 2157 3497 incentorem.
2250 3430 2341 3495 Et
2378 3431 2470 3496 sic
2510 3430 2861 3499 honorifice

758 3536 1106 3602 restitutus
1158 3539 1259 3599 est
1320 3533 1685 3599 Germanus
1757 3535 1829 3598 in
1912 3533 2181 3599 domum
2251 3556 2437 3600 suam
2498 3533 2579 3600 de
2640 3535 2863 3622 Selby‚

719 3641 726 3647 ’
758 3639 932 3722 Elya
973 3658 1121 3702 cum
1165 3636 1543 3702 confusione
1587 3637 1865 3724 repulso.

433 4324 674 4391 Godfiwy,
696 4341 730 4376 a

424 4392 581 4442 monk
595 4392 656 4442 of
662 4392 736 4445 St.

427 4458 657 4521 Alban’s,

424 4525 655 4579 becomes

849 3737 1224 3825 Respiravit
1258 3738 1470 3824 igitur
1510 3738 1745 3803 domus
1791 3738 1908 3803 illa
1951 3738 2234 3804 feliciter
2284 3740 2356 3803 in
2410 3706 2862 3826 spiritualibus

758 3850 828 3908 et
889 3840 1381 3928 temporalibuS,
1453 3840 1593 3927 ipso
1640 3839 1904 3906 Abbatc
1948 3841 2278 3907 Germano
2340 3841 2690 3930 diligenter
2749 3845 2864 3910 de·-

759 3948 1055 4015 sudante.

836 4158 1225 4245 Godsridus,
1280 4166 1504 4227 vwster
1544 4162 1937 4241 monachus,
1967 4163 2061 4249 fit
2106 4164 2168 4228 A
2182 4162 2334 4228 bbas
2368 4162 2497 4229 Uro
2505 4162 2808 4256 blandite.

848 4309 1183 4391 Similiter,
1266 4318 1660 4399 procurante
1727 4315 2048 4403 Episcopo
2122 4315 2604 4402 Lyncolniensi,
2656 4315 2862 4381 Alex-

757 4409 985 4492 andro,
1016 4419 1085 4480 et
1124 4415 1269 4480 aliis
1299 4415 1632 4483 virtutum
1680 4421 1752 4482 et
1801 4418 2050 4484 ordinis
2086 4418 2595 4499 aemulatoribus,
2629 4418 2860 4484 Abbas

761 4513 1109 4595 Robertus,
1163 4516 1249 4581 ad
1289 4518 1822 4586 reformationem
1863 4520 2127 4599 ordinis,
2170 4521 2286 4607 qui
2335 4521 2407 4586 in
2450 4521 2666 4587 Domo
2697 4520 2861 4588 Oro-

1391 4757 1402 4786 ¹
1433 4772 1466 4805 a
1489 4755 1694 4808 omitted
1718 4757 1773 4807 in
1798 4758 1910 4808 MS.
1933 4758 2071 4808 Nero
2096 4757 2160 4807 Ι).
2190 4758 2224 4808 i.
