3450 5717
814 794 955 855 288
1573 802 1791 853 GESTA
1835 801 2164 852 ABBATUM

506 1032 750 1092 William,
809 1026 910 1091 De
960 1024 1236 1111 Capella
1282 1024 1525 1093 Sancti
1573 1023 1936 1106 Outhberti,
1991 1044 2122 1110 per
2158 1022 2543 1111 pressatwm
2585 1020 2911 1089 Abbatem

539 1100 729 1226 ἒξξὲῒ,
988 1133 1386 1207 constructa,
1457 1133 1518 1193 et
1578 1148 1700 1212 per
1743 1125 1803 1191 J
1795 1125 2135 1192 ohannem
2197 1123 2622 1211 Episcopum
2682 1123 2916 1190 solem-

560 1232 696 1283 ΑΒ·
986 1230 1174 1297 niteo·
1248 1230 1579 1296 dedicata.
1700 1229 1804 1295 De
1870 1226 2169 1294 Ecclesia
2241 1227 2445 1293 Beati
2487 1226 2915 1313 Amphibali,

509 1302 751 1405 Ῑῗὲὄ·
976 1331 1308 1419 pluribus
1350 1329 1660 1411 melosae,
1705 1329 2002 1417 capella,
2048 1336 2109 1395 et
2172 1328 2529 1408 altaribus,
2585 1350 2720 1415 per
2775 1328 2916 1393 ‹zio-

987 1441 1142 1501 twm
1207 1432 1647 1520 Episcopum,
1712 1434 1809 1500 ad
1867 1429 2291 1499 vhwtantiwm
2333 1431 2567 1522 ‘ip-siem
2608 1428 2913 1509 Abbati-9,

991 1535 1338 1603 dedicatis.

472 1686 701 1803 &ilbffim
902 1667 1012 1732 Ad
1103 1667 1393 1751 ejusdem
1471 1667 1693 1752 itaque
1783 1666 2311 1732 benedictionem
2388 1670 2457 1731 et
2531 1663 2914 1731 memoriam

475 1817 702 1869 rebuilds
815 1775 1073 1858 spectat
1116 1769 1599 1855 sempiternam,
1663 1769 1841 1854 quod
1886 1768 2116 1833 diruta
2157 1767 2370 1833 veteri
2429 1767 2663 1834 Sancti
2710 1766 2917 1832 Cuth-

472 1885 557 1935 the
580 1881 771 1947 Chapel
814 1872 987 1938 berti
1019 1870 1308 1958 Capella,
1343 1871 1555 1956 (cujus
1599 1871 1879 1950 culmen,
1927 1870 2225 1936 teredine
2260 1869 2401 1956 jam
2434 1873 2914 1954 consumptum,

472 1951 739 2069 (gutshtssert.
815 1980 884 2040 et
929 1975 1213 2041 maceria
1259 1974 1550 2060 depulsa,
1595 1974 1859 2039 ruinam
1906 1974 2338 2060 minabatur,)
2406 1973 2742 2059 quandam
2800 1994 2918 2037 no-

814 2100 969 2143 vam
1016 2078 1097 2144 de
1161 2077 1381 2164 lapide
1439 2076 1646 2143 inciso
1710 2077 1875 2143 satis
1933 2078 2272 2164 eleganter
2314 2075 2706 2154 construxit,
2769 2097 2920 2140 cum

817 2181 956 2244 suis
987 2180 1221 2246 vitreis
1265 2179 1589 2258 fenestris,
1628 2184 1697 2245 et
1750 2179 2057 2244 omnibus
2110 2178 2260 2243 aliis
2303 2177 2742 2265 pertinentiis,
2834 2177 2918 2241 In

477 2288 626 2341 with
641 2288 735 2366 ,thy
819 2304 951 2368 qua
1002 2282 1213 2348 altare
1272 2281 1664 2361 construxit,
1721 2287 1792 2346 et
1836 2284 2309 2358 constructum,
2356 2301 2508 2345 cum
2550 2280 2711 2367 ipsa,
2759 2278 2917 2344 fecit

475 2356 744 2473 ἓὲῗῖζζξθῗ
818 2385 902 2449 ab
964 2384 1287 2471 Episcopo
1347 2383 1396 2449 J
1396 2384 1660 2449 ohanne
1712 2382 2051 2469 Capellam
2103 2382 2407 2460 dedicari,
2467 2382 2542 2446 in
2605 2382 2921 2447 honorem

474 2490 545 2567 bx
568 2489 724 2550 John,
818 2485 1215 2553 Sanctorum
1285 2484 1659 2567 Cuthberti,
1723 2486 1769 2551 J
1774 2485 2051 2551 ohannis
2120 2485 2464 2571 Baptistae,
2533 2490 2602 2550 et
2661 2483 2923 2550 Sanctae

475 2553 753 2673 {met-of
816 2589 1118 2675 Agnetis
1166 2586 1463 2675 Virginis
1509 2581 1580 2652 et
1625 2585 1963 2673 Martyris.
2053 2583 2256 2653 Unde
2299 2607 2532 2652 versus
2551 2610 2657 2667 3—

993 2710 1031 2738 “
1080 2701 1443 2783 Confessor,
1492 2701 1875 2783 Cuthberte,
1922 2701 2069 2779 Dei,
2113 2701 2423 2787 Baptista
2452 2700 2498 2766 J
2502 2700 2810 2778 ohannes,

1001 2810 1035 2840 “
1083 2804 1314 2890 Agnes
1361 2804 1588 2892 Virgo,
1634 2804 1852 2869 tribus
1894 2804 2089 2868 vobis
2131 2802 2275 2869 hsec
2319 2824 2436 2867 ara
2479 2799 2833 2867 sacratur.'’

477 2918 788 2997 Indulgenee
907 2916 1246 2983 Concessit
1291 2937 1554 3003 quoque
1612 2916 1790 2982 idem
1837 2915 2201 3002 Episcopus
2246 2915 2293 2981 J
2296 2915 2606 2996 ohanneS,
2653 2919 2734 2980 ut
2779 2914 2926 3000 qui-

476 2993 789 3115 ξῗεῗξῗὲθῗὴῗ
817 3040 1075 3105 cunque
1119 3019 1190 3083 in
1236 3017 1712 3084 Anniversario
1744 3017 2201 3083 Dedicationis
2245 3017 2424 3082 illius
2469 3016 2770 3103 Capellae,
2817 3016 2926 3082 vel

477 3118 688 3196 altar-on
705 3118 791 3167 *ΒΘ
817 3121 890 3186 in
953 3119 1233 3206 singulis
1277 3119 1464 3185 festis
1523 3118 1919 3186 Sanctorum
1977 3119 2463 3208 praedictorum,
2521 3119 2928 3205 poenitentes

478 3185 780 3316 3¹53?th
819 3228 890 3288 et
952 3221 1183 3288 devoti
1233 3219 1688 3300 ¹advenerint,
1737 3221 1985 3308 viginti
2034 3221 2176 3286 dies
2227 3220 2654 3286 relaxationis
2697 3242 2925 3286 conse-

478 3316 794 3369 Dedication.
824 3329 1134 3410 quantur.

478 3445 532 3495 A
557 3444 702 3523 amau
912 3426 1167 3491 Eadem
1236 3446 1497 3511 quoque
1565 3423 1850 3511 Capella,
1912 3424 1986 3489 in
2043 3425 2328 3490 arduum
2376 3446 2655 3513 surgens
2728 3446 2927 3513 super

477 3512 781 3628 Εὲἑῒξξζζ
819 3550 1010 3594 suam
1056 3527 1475 3614 crepidinem,
1545 3525 1719 3612 (quse
1782 3526 2153 3615 vulgariter
2216 3536 2253 3563 “
2280 3527 2509 3593 avolta
2531 3526 2569 3552 ”
2631 3527 2922 3615 dicitur,)

476 3645 564 3695 the
587 3640 792 3707 Chapel.
821 3630 1217 3696 Dormitorii
1276 3628 1789 3695 diminutionem
1850 3629 2134 3716 supplet,
2182 3634 2252 3695 et
2312 3629 2659 3695 defectum.
2767 3631 2916 3697 Hoc

820 3755 1085 3819 quoque
1132 3732 1557 3812 domicilium,
1613 3731 1874 3797 circiter
1919 3731 2267 3798 duodecim
2310 3732 2514 3798 lectos
2560 3733 2922 3812 continens,

818 3836 1122 3922 pluribus
1167 3833 1400 3899 vitreis
1457 3833 1765 3899 fenestris
1810 3834 2053 3913 lumen,
2102 3856 2232 3920 quo
2277 3833 2680 3902 sufficienter
2735 3835 2923 3901 illus-

820 3943 1059 4015 tratur,
1106 3934 1543 4015 intromittit3
1595 3940 1663 4001 et
1734 3935 2012 4016 culmen,
2075 3958 2157 4000 ex
2222 3937 2574 4023 praeelecta
2638 3940 2914 4005 materie

819 4038 1274 4124 compositum,
1318 4036 1628 4123 plumbeo
1686 4037 1983 4123 tegmine
2027 4037 2496 4103 communitur.

480 4160 739 4212 Minima-
910 4140 1396 4224 Sciendumque
1441 4143 1559 4214 est,
1609 4139 1788 4224 quod
1829 4139 2213 4226 ubicunque
2257 4140 2331 4204 in
2375 4145 2610 4206 nostra
2636 4140 2928 4207 Dioecesi

480 4227 796 4359 ἓῗξζοῗὲξθ
821 4247 1222 4310 memoratus
1268 4240 1628 4327 Episcopus
1673 4240 1722 4306 J
1725 4241 2017 4307 ohannes
2061 4263 2255 4306 suum
2286 4244 2585 4330 exercuit
2619 4242 2927 4324 officium,

481 4359 692 4440 Aydfexjt
712 4360 769 4410 in
820 4346 1147 4434 praecipue
1197 4343 1271 4409 in
1318 4342 1883 4425 dedicationibus;
1959 4343 2265 4409 fidelibus
2312 4342 2564 4410 Christi
2607 4346 2933 4411 concessit

482 4426 583 4477 ‘¹³¹⁸
604 4425 730 4477 ¹³¹⁰·
822 4449 1321 4528 relaxationem,
1388 4446 1749 4512 secundum
1809 4446 1987 4534 quod
2046 4445 2175 4534 ipsi
2234 4448 2656 4533 competebat
2716 4447 2932 4514 officio

478 4507 608 4546 m
822 4556 894 4616 et
938 4549 1368 4616 solemnitati.

2681 4694 2920 4704 ..a-.—

1419 4762 1434 4793 ¹
1459 4759 1760 4811 advenerunt
1781 4758 1835 4810 in
1854 4759 2044 4814 Wats's
2065 4767 2189 4814 text.
