3450 5717
823 761 954 825 510
1596 774 1953 825 Arrssnrx
1995 760 2119 846 (n).

813 965 1159 1032 praetactum
1205 960 1346 1032 est‚)
1417 963 1688 1021 securius
1747 961 2144 1028 deliberando,
2206 960 2351 1034 qnid
2407 960 2711 1034 agendum
2761 968 2923 1019 esset

815 1046 1273 1120 expectavimus.
1365 1046 1448 1103 Et
1499 1054 1569 1104 ut
1614 1046 1851 1120 plenius
1901 1047 1992 1103 rei
2052 1045 2266 1104 seriem
2299 1050 2655 1112 retexamus,
2688 1045 2921 1102 litteras

813 1137 1063 1198 nostras,
1116 1130 1370 1188 Domino
1418 1130 1574 1203 Regi
1634 1131 1870 1197 missas,
1925 1131 2069 1188 huic
2118 1132 2353 1205 paginoe
2384 1130 2684 1199 duximus,
2740 1129 2923 1187 simul

817 1233 952 1273 cum
986 1216 1120 1273 aliis
1155 1216 1396 1283 litteris,
1432 1216 1801 1273 inserendas.

944 1367 1176 1427 Litterae
1208 1368 1399 1429 missos
1431 1367 1676 1427 Domino
1708 1367 1875 1441 3093,
1915 1367 1985 1427 de
2016 1367 2172 1429 obitu
2202 1367 2436 1428 Abbatiae
2479 1367 2774 1427 maelmi-

805 1528 810 1537 ·
893 1493 932 1520 “
955 1490 1462 1548 Excellentissimo
1485 1490 1759 1557 Domino,
1786 1498 1850 1548 et
1870 1491 1935 1547 in
1959 1490 2198 1549 Christo
2220 1490 2730 1555 reverendissime,
2758 1488 2923 1547 Hen-

822 1578 861 1607 “
897 1575 1041 1641 rico,
1096 1576 1210 1631 Dei
1244 1577 1453 1648 gratia,
1509 1575 1735 1633 illustri
1771 1576 1927 1651 Regi
1977 1574 2234 1651 Angliae,
2289 1574 2542 1632 Domino
2595 1574 2919 1640 Hiberniae,

823 1663 860 1688 “
900 1660 1054 1716 Duci
1092 1660 1154 1717 N
1154 1660 1472 1716 ormannise
1506 1665 1567 1717 et
1600 1659 1996 1732 Aquitaniam,
2038 1659 2256 1716 Comiti
2291 1657 2670 1731 Andegaviae‚
2724 1657 2923 1714 devoti

822 1746 862 1772 ‘⁸
900 1745 994 1799 sui
1030 1762 1282 1815 semper,
1300 1750 1362 1801 et
1392 1743 1666 1812 humiles,
1704 1744 1882 1801 Prior
1918 1743 2119 1802 Sancti
2150 1742 2389 1809 Albani,
2428 1748 2490 1800 et
2522 1742 2780 1814 ejusdem
2802 1740 2921 1797 loci

824 1829 861 1854 “
899 1826 1253 1896 Conventus,
1291 1847 1429 1885 cum
1465 1828 1625 1885 omni
1680 1827 2015 1885 humilitate
2070 1832 2130 1885 et
2169 1826 2496 1893 devotione,
2545 1833 2815 1885 aeternam
2852 1826 2919 1881 in

824 1913 862 1939 ‘⁸
899 1910 1148 1967 Domino
1201 1912 1471 1970 salntem.
1566 1911 1801 1969 Vestrae
1859 1911 2280 1969 innotescimus
2324 1910 2715 1978 Excellentiae,
2755 1908 2919 1982 quod

824 1998 862 2023 ‘⁸
899 1995 1252 2053 venerabilis
1305 2002 1474 2070 pater
1521 2002 1740 2064 noster,
1799 1996 2156 2062 willelmus,
2211 1994 2508 2069 quondam
2555 1994 2754 2051 Abbas
2802 1993 2919 2048 Eo-

825 2080 864 2106 “
900 2079 1097 2137 clesiae
1147 2084 1381 2147 nostres,
1445 2080 1508 2136 in
1566 2083 1687 2137 fata
1745 2079 2038 2148 decessit3
2093 2079 2344 2152 ideoque
2402 2078 2649 2135 dilectos
2708 2078 2920 2132 flames

826 2164 865 2190 “
899 2168 1129 2220 nostros
1188 2161 1268 2220 N.
1321 2169 1382 2219 et
1414 2163 1513 2232 N„
1551 2163 1765 2220 latores
1818 2163 2218 2238 praesentium,
2271 2162 2347 2221 ad
2381 2180 2486 2221 vos
2536 2161 2918 2228 destinamus,

827 2248 865 2274 “
902 2246 1278 2304 Excellentiae
1300 2252 1534 2314 vestrm,
1573 2249 1733 2304 omni
1772 2267 1888 2319 qua
1921 2266 2235 2322 possumus
2272 2248 2599 2315 devotione,
2639 2251 2699 2302 et
2733 2246 2927 2320 lacry-

827 2332 866 2358 “
900 2349 1135 2387 marum
1170 2331 1469 2398 effusione,
1520 2332 1804 2405 flexisque
1839 2333 2108 2406 genibus,
2167 2331 2563 2405 supplicantes
2614 2337 2923 2404 quatenus,

828 2418 866 2443 ‘⁶
903 2414 1119 2474 divinoe
1140 2417 1375 2491 pietatis
1397 2417 1638 2483 intuitu,
1662 2417 1831 2475 nobis
1867 2418 2121 2489 gratiam
2143 2415 2455 2492 dignanter
2495 2415 2924 2489 impertientes,

828 2501 866 2526 ‘⁸
903 2499 1163 2572 eligendi
1232 2505 1526 2572 pastorem
1584 2501 1835 2558 liberam
1890 2502 2059 2557 nobis
2130 2499 2461 2559 concedatis
2534 2499 2879 2558 facultatem
2906 2521 2923 2566 ;

828 2585 866 2610 “
905 2588 1121 2639 statum
1144 2583 1353 2640 domus
1375 2589 1590 2640 nostrae
1637 2583 2115 2652 misericorditer,
2143 2584 2196 2641 si
2230 2584 2440 2657 placet,
2468 2584 2893 2656 compatientes
2907 2625 2922 2649 ‚

827 2670 865 2694 “
896 2667 1069 2738 juxta
1118 2668 1499 2727 necessitates
1558 2685 1702 2741 qum
1758 2669 1903 2726 dicti
1952 2669 2168 2726 statu-es
2216 2668 2405 2726 nostri
2436 2667 2609 2727 vobis
2654 2668 2930 2725 duxerint

828 2752 865 2777 “
904 2751 1328 2824 exprimendas.
1401 2751 1616 2813 Valeat
1647 2751 1820 2825 regia
1854 2753 2113 2825 dignitas
2147 2752 2213 2809 in
2246 2751 2593 2811 aeternum.'’

896 2835 1169 2893 Misimus
1227 2836 1469 2908 insuper
1520 2836 1752 2895 litteras
1787 2837 1992 2894 amicis
2044 2837 2261 2895 nostris
2314 2837 2379 2893 in
2428 2836 2627 2904 Curia,
2667 2837 2777 2895 sub
2812 2836 2924 2893 hae

827 2917 1045 2986 forma3
1071 2924 1141 2979 ut
1172 2917 1290 2992 ipsi
1322 2920 1628 2993 negotium
1661 2925 1931 2979 nostrum
1966 2922 2405 2995 expedirent.—

1700 3055 2074 3113 Gamzlario.

901 3166 940 3192 “
963 3164 1328 3238 Urgentibus
1385 3165 1641 3239 negotiis
1705 3167 1895 3235 novis,
1949 3173 2010 3225 et
2079 3167 2394 3240 inopinatis
2453 3169 2920 3245 emergentibus,

824 3251 870 3362 ἶῖ
897 3250 1132 3390 {iffi
1149 3250 2190 3392 ffiffimeffiffiuiufffflss‘ni
2219 3253 2644 3394 “tmmfflm
2663 3254 2777 3394 1⁰?
2776 3253 2922 3310 Μ

1425 3376 1440 3401 ‚
1679 3354 1812 3407 mpe
1959 3355 2052 3392 ms
2232 3356 2273 3392 n
2378 3354 2461 3394 ssi
2558 3379 2572 3395 .
2738 3355 2924 3410 eoque

829 3421 868 3446 “
905 3419 1131 3475 sincere
1155 3418 1512 3476 Paternitati
1546 3425 1781 3485 vestrae‚
1822 3421 1981 3475 omni
2036 3438 2153 3494 qua
2202 3438 2516 3493 possumus
2553 3420 2571 3453 ¹
2592 3420 2921 3487 devotione,

833 3505 871 3530 “
908 3504 1322 3575 supplicamns,
1364 3508 1652 3575 qnatenus
1677 3503 1895 3561 divinae
1927 3505 2165 3577 pietatis
2204 3505 2425 3562 intuitu
2460 3512 2679 3562 statum
2714 3506 2927 3563 domus

833 3588 872 3614 ‘⁸
909 3593 1141 3653 nostrae,
1174 3587 1346 3659 juxta
1364 3588 1744 3643 necessitates
1769 3606 1915 3658 quas
1949 3590 2159 3644 fi-atms
2182 3589 2371 3646 nostri
2392 3589 2467 3646 N.
2499 3595 2561 3645 et
2579 3589 2678 3656 N„
2707 3591 2926 3648 latores

833 3675 872 3700 ‘⁶
908 3672 1309 3744 proesentium‚
1345 3671 1513 3731 vobis
1560 3671 1837 3730 duxerint
1873 3672 2302 3745 exprimendas,
2354 3673 2817 3731 misericorditer
2865 3682 2930 3731 et

833 3758 872 3785 “
908 3762 1151 3829 paterno
1185 3756 1544 3815 subveniatis
1579 3756 1811 3834 affectu,
1836 3772 1909 3815 eo
1930 3757 2089 3828 quod
2118 3758 2473 3816 venerabilis
2504 3764 2673 3831 pater
2703 3766 2924 3827 noster,

833 3844 872 3869 ‘⁸
908 3841 1268 3907 willelmus,
1309 3840 1602 3913 quondam
1646 3839 1850 3899 Abbas
1900 3840 2249 3901 Monasterii
2296 3844 2503 3910 nostri,
2542 3843 2743 3901 divino
2773 3852 2925 3902 nutu

833 3928 871 3952 “
909 3925 1066 3982 diem
1124 3925 1339 3982 clausit
1397 3930 1723 3981 extremum
1758 3947 1774 3992 3
1826 3943 1933 3982 nos
1991 3927 2326 3993 monachos,
2383 3928 2557 4000 quasi
2612 3929 2918 4002 orphmos,

834 4012 871 4037 ‘⁴
908 4009 1140 4082 piorum
1174 4008 1419 4068 consilio
1453 4009 1810 4084 relinquens,
1849 4016 1912 4067 et
1962 4011 2199 4069 aun'lio.
2290 4011 2553 4083 Quorum
2584 4013 2923 4087 indigentias

833 4096 872 4122 “
907 4094 993 4150 sic
1037 4099 1238 4152 vestra
1282 4092 1560 4166 dignetur
1594 4093 1899 4151 consulere
1932 4094 2250 4163 miseratiO,
2290 4101 2359 4153 ut
2394 4095 2575 4162 Deus,
2619 4104 2783 4171 pater
2814 4116 2923 4174 pn-

833 4179 874 4209 “
907 4179 1203 4251 pinorum,
1244 4177 1427 4250 digna
1458 4178 1731 4236 mercede
1765 4184 2024 4237 vestram
2056 4186 2395 4239 remuneret
2429 4182 2783 4254 pietatem.”

1135 4319 1210 4379 Ut
1243 4317 1572 4379 comeniamt
1604 4317 1834 4376 Priores
1870 4317 2165 4377 Generum
2200 4318 2282 4377 ad
2315 4319 2652 4379 electionem.

906 4416 946 4444 ‘⁶
971 4414 1182 4474 Frater
1220 4414 1315 4483 E„
1354 4414 1529 4473 Prior
1563 4414 1846 4473 Ecclesiae
1890 4414 2090 4472 Sancti
2124 4415 2364 4483 Albani,
2389 4417 2774 4491 ejusdemque
2804 4418 2923 4475 loci

838 4500 878 4528 “
914 4497 1270 4571 Gonnum,
1294 4498 1512 4559 dilecto
1532 4499 1648 4559 sibi
1669 4499 1737 4557 in
1757 4498 1995 4558 Christo
2030 4500 2161 4570 (tali
2181 4502 2280 4558 vel
2301 4501 2409 4558 tali
2430 4501 2651 4574 Prion-i)
2673 4503 2926 4560 salutem

1643 4684 2134 4741 ²devofiom'inMS.
