3450 5717
766 804 894 869 104
1523 813 1738 864 casm
1781 812 2107 865 ansarum

463 1003 721 1069 Geoffrey,
770 1011 804 1040 “
849 1002 1166 1070 memoria
1201 1024 1461 1093 ,parum
1519 1003 1737 1091 digna
1862 1003 2005 1089 Ego
2064 1000 2375 1088 respondi
2436 1021 2573 1065 non
2632 1018 2865 1085 parum

498 1071 690 1198 Alg'ffit,
771 1112 808 1143 “
855 1106 1017 1194 quid
1077 1127 1232 1186 esse,
1308 1105 1423 1171 sed
1500 1103 1819 1185 mirabile,
1898 1108 1967 1171 et
2043 1104 2320 1192 posteris
2394 1096 2871 1168 memorabile.''

470 1204 663 1323 1ιῇῥῇ
666 1275 715 1323 ⁶·
773 1208 1070 1276 Audiens
1113 1208 1272 1289 haec,
1304 1207 1575 1276 Laetitia
1605 1207 1824 1273 Deum
1867 1207 1940 1273 in
1971 1207 2233 1274 Sanctis
2274 1205 2410 1273 suis
2456 1202 2868 1293 glorificavit.

774 1585 1086 1671 Qualiter
1131 1586 1441 1655 crisma
1475 1587 1777 1674 praefata
1834 1610 1965 1675 per
2008 1609 2171 1655 suas
2207 1608 2432 1675 preces
2476 1582 2872 1652 multotiens

1536 1690 1727 1777 juvit
1771 1690 2108 1758 Abbatem.

431 1912 680 1994 Thrpugh
864 1908 1065 1972 Anno
1116 1907 1327 1994 primo
1377 1927 1507 1992 quo
1563 1907 1706 1971 Rex
1751 1906 2018 1995 Angliae
2064 1906 2439 1993 Stephanus
2487 1908 2589 1969 est
2618 1903 2878 1977 electus,

431 1981 712 2100 ’,ἓξὲξ
773 2008 1006 2075 Abbas
1066 2008 1442 2089 Gauffidus,
1499 2008 1656 2075 licet
1732 2009 2006 2086 invitus,
2079 2008 2296 2074 fuerat
2369 2007 2457 2073 ad
2515 2005 2877 2071 Dominum

432 2115 707 2231 thistina,
775 2113 1022 2199 Papam
1083 2110 1531 2192 destinandus,
1600 2112 1780 2205 inter
1836 2116 2121 2189 castel-08,
2182 2132 2303 2198 pro
2378 2108 2877 2175 confirmatione

435 2182 676 2314 (4332).
692 2247 736 2298 ἰ,
775 2212 1112 2281 electionis
1140 2212 1339 2301 regiae
1384 2212 1764 2279 obtinenda.
1857 2211 1989 2279 Sed
2032 2214 2417 2279 interventu
2461 2216 2533 2277 et
2575 2210 2877 2298 precibus

432 2314 584 2366 twice
604 2330 691 2366 α·
779 2316 1105 2396 Cristinae,
1137 2315 1267 2382 iter
1315 2315 1598 2382 Abbatis
1645 2322 1749 2382 est
1800 2315 2193 2396 relaxatum,
2246 2315 2332 2382 ad
2376 2335 2693 2402 magnum
2738 2319 2877 2378 tam

431 2448 659 2566 {21:310
775 2423 1162 2485 monasterii
1209 2441 1314 2483 sui
1360 2419 1796 2495 commodum,
1842 2440 2040 2505 quam
2089 2440 2385 2505 personae
2437 2439 2591 2482 suae.
2680 2415 2879 2480 Anno

776 2543 932 2588 vero
984 2523 1183 2587 tertio
1248 2520 1451 2608 Regis
1510 2520 1855 2607 Stephani,
1928 2520 2154 2586 Abbas
2216 2519 2577 2585 Gaufridus
2637 2518 2879 2583 iterum

775 2629 879 2690 est
907 2624 1155 2688 electus
1184 2623 1270 2687 ad
1314 2623 1952 2711 transalpinandum,
2000 2627 2072 2689 et
2098 2621 2544 2689 excusandum
2573 2619 2884 2708 praelatos

774 2725 1039 2811 Angliae
1093 2747 1134 2789 a
1180 2723 1487 2790 Generali
1547 2724 1839 2791 Consilio
1899 2725 2022 2791 sub
2074 2726 2257 2812 Papa
2318 2722 2711 2789 Innocentio
2765 2721 2882 2787 Se-

778 2828 994 2894 cundo
1025 2826 1361 2893 celebrato.
1456 2827 1622 2894 Orat
1645 2827 2072 2906 Chi-istium,
2101 2832 2171 2894 et
2200 2826 2493 2893 Cristina
2511 2825 2882 2905 Christum3

434 2945 541 2996 Her
556 2940 757 3005 ‘miset’
779 2935 851 2997 et
871 2931 1116 2996 iterum
1144 2929 1530 2996 miraculose
1557 2930 1746 2996 labor
1772 2930 2034 2996 itineris
2051 2929 2389 2995 relaxatur
2417 2954 2434 3009 ;
2476 2932 2674 3016 prout
2694 2933 2885 3015 patet

433 3011 704 3129 gfff&
778 3033 854 3098 in
912 3032 1078 3098 Vita
1136 3031 1399 3098 Sanctae
1462 3031 1791 3111 Cristinae‚
1843 3055 1993 3119 quae
2044 3033 2303 3119 plenius
2361 3031 2648 3097 habetur
2704 3030 2883 3117 apud.

434 3149 569 3213 γεω.
781 3134 1145 3234 ΜΜΙς3αῒιθ,
1192 3133 1452 3201 indiciis
1495 3135 1880 3204 manifestis.

869 3237 1123 3302 Eodem
1167 3258 1361 3316 anno,
1408 3236 1652 3303 iterum
1698 3238 1830 3302 fuit
1866 3236 2094 3303 Abbas
2139 3235 2569 3302 destinandus
2614 3234 2700 3300 ad
2754 3234 2884 3300 Cu·

777 3339 964 3419 riam,
998 3361 1118 3425 pro
1168 3339 1377 3404 causis
1417 3339 1599 3405 inter
1629 3340 1880 3427 Regem
1910 3343 1981 3406 et
2010 3338 2368 3406 Ecclesiam
2400 3338 2672 3425 agitatis
2698 3361 2712 3402 :
2770 3338 2885 3402 sed

778 3441 938 3529 quia
999 3440 1339 3507 Christina
1396 3463 1512 3527 pro
1575 3441 1844 3507 Abbate
1902 3442 2233 3507 instanter
2299 3445 2462 3521 orat,
2523 3440 2750 3505 Abbas
2810 3439 2880 3503 in

782 3543 905 3609 hoc
949 3543 1190 3609 itinere
1252 3565 1386 3609 non
1430 3542 1710 3610 laborat.
1805 3544 1974 3610 Haec
2020 3543 2200 3609 enim
2247 3543 2473 3610 omnia
2522 3546 2887 3608 noscuntur

782 3645 923 3731 ejus
961 3645 1221 3711 meritis
1274 3645 1651 3733 provenisse
1679 3670 1697 3725 ;
1766 3646 1847 3712 de
1889 3646 2132 3732 quibus
2161 3645 2441 3734 singulis
2488 3649 2741 3710 certum
2783 3650 2885 3709 est

444 3759 558 3811 The
571 3759 749 3810 Abbot
785 3770 930 3813 eam
976 3747 1207 3813 divino
1252 3748 1515 3813 oraculo
1560 3748 1989 3815 certificatam
2028 3749 2248 3814 fuisse.
2339 3748 2593 3828 Quarto
2638 3746 2892 3812 Abbati

441 3826 747 3945 ἱζξᾞῗ-οω
785 3850 869 3915 ad
919 3849 1189 3916 Curiam
1239 3853 1475 3916 vocato
1534 3850 1804 3938 regiam,
1864 3851 1981 3917 sed
2029 3849 2351 3916 nescienti
2401 3871 2683 3928 causam,
2736 3871 2884 3915 cum

444 3931 698 4026 mpiiring
788 3952 1126 4018 Christina
1185 3956 1427 4030 tamen,
1505 3956 1585 4017 ut
1649 3975 1906 4040 semper
1982 3953 2249 4033 solebat,
2312 3952 2697 4033 consulenti,
2774 3952 2890 4017 illa

447 4034 501 4078 ‘⁰
523 4026 697 4080 σθω·
786 4058 1037 4120 metum
1086 4053 1390 4140 dempsit,
1435 4059 1503 4121 et
1554 4059 1814 4143 tempus
1872 4056 2223 4122 constituit
2281 4057 2545 4144 quando
2596 4055 2684 4121 ad
2741 4077 2889 4120 eam

784 4161 1249 4222 reverteretur.
1293 4188 1308 4199 ·
1326 4156 1706 4243 Evenitque
1737 4159 1914 4244 quod
1945 4180 2082 4224 sese
2112 4159 2522 4245 agendorum
2551 4178 2765 4223 causae
2795 4156 2889 4223 sic

787 4255 809 4295 ¹
831 4263 1247 4339 emerserant,
1301 4265 1382 4325 ut
1432 4280 1551 4324 nec
1596 4260 1782 4347 prius
1829 4262 2054 4328 venire
2112 4265 2332 4348 posset
2398 4259 2624 4327 Abbas
2688 4282 2888 4346 quam

785 4360 929 4448 ipsa
986 4361 1408 4449 praedixerat,
1468 4360 1627 4428 licet
1684 4362 2022 4444 voluisset,
2084 4384 2204 4429 nec
2279 4364 2561 4451 amplius
2631 4384 2887 4429 neceaee

787 4469 962 4529 esset
987 4463 1342 4530 immorari.
1431 4463 1701 4530 Talibus
1746 4465 2190 4531 occasionibus
2222 4466 2448 4532 Abbas
2478 4465 2886 4533 Christinam

1324 4767 1338 4799 ¹
1377 4768 1709 4831 imma-serane,
1737 4769 2048 4834 apparently,
2071 4768 2126 4819 in
2149 4768 2275 4835 orig.
