3450 5717
980 856 1405 908 MONASTERII
1450 856 1698 910 sANcrt
1740 856 2020 913 Annam.
2442 846 2576 918 277

464 1040 503 1066 “
541 1045 602 1097 et
648 1046 943 1109 consueta,
1004 1043 1160 1099 sicut
1207 1043 1436 1100 vicarii.
1551 1042 1778 1100 Vicarii
1832 1049 2032 1099 autem
2084 1043 2148 1099 in
2199 1042 2449 1099 ecclesia
2498 1043 2571 1100 de
2628 1050 2874 1117 william,

465 1123 507 1149 “
544 1123 778 1193 Luiton,
816 1127 1147 1184 successive
1181 1126 1545 1193 instituendi,
1576 1128 2089 1199 praesentabuntur
2125 1128 2416 1200 Episcopo
2434 1128 2572 1184 Lin-
2651 1122 2819 1234 A22¹¹d

465 1208 507 1234 “
546 1210 848 1278 colniensi,
906 1217 967 1268 et
1019 1212 1457 1268 successoribus
1517 1211 1663 1277 suis,
1724 1211 1798 1265 ab
1857 1210 2088 1266 Abbate
2144 1217 2205 1267 et
2266 1211 2572 1267 Conventa
2680 1187 2842 1302 ἐξῇ

465 1292 508 1318 “
548 1293 749 1351 Sancti
783 1296 1020 1362 Albani,
1058 1296 1156 1353 vel
1192 1314 1228 1352 a
1264 1296 1590 1361 Conventu,
1630 1299 1875 1352 vacante
1923 1295 2237 1351 Abbathia.
2327 1296 2567 1367 Episco·
2630 1290 2856 1369 1212-:35

465 1377 507 1403 ‘⁸
543 1395 655 1449 pus
690 1398 850 1446 vere,
892 1386 953 1436 et
989 1397 1358 1436 successores
1387 1379 1499 1445 sui,
1540 1379 1782 1434 idoneos
1817 1378 1996 1445 viros,
2027 1379 2140 1434 sibi
2164 1385 2563 1451 praesentatos,
2681 1409 2816 1425 —-

465 1460 508 1486 “
546 1462 671 1517 sine
707 1481 886 1520 morae
910 1464 1235 1536 dispendi0‚
1276 1468 1338 1519 et
1372 1463 1498 1519 sine
1523 1462 1888 1529 difficultate,
1925 1462 2237 1518 admittere
2274 1467 2567 1522 tenentur.

465 1544 507 1571 “
544 1544 804 1603 Habebit
838 1553 1035 1605 autem
1070 1548 1421 1620 Episcopus,
1462 1552 1523 1602 et
1558 1563 1931 1602 successores
1969 1547 2082 1612 sui,
2123 1547 2357 1618 plenam
2388 1547 2570 1617 juris-

463 1629 506 1655 “
542 1628 860 1687 dictionem
916 1632 982 1687 in
1041 1632 1294 1687 ecclesia
1347 1631 1420 1686 de
1471 1630 1714 1696 Luitun,
1780 1636 1841 1686 et
1910 1631 2239 1686 custodiam
2299 1630 2570 1703 ejusdem

465 1712 505 1738 ‘⁶
543 1711 817 1780 Vicariae,
846 1732 983 1770 cum
1005 1715 1323 1770 vacaverit.
1401 1713 1492 1769 De
1529 1714 1665 1769 aliis
1702 1730 1845 1769 vero
1883 1714 2148 1769 ecclesiis
2187 1732 2333 1785 quas
2367 1714 2571 1770 Abbas

465 1796 505 1821 ‘⁶
543 1802 604 1850 et
638 1798 908 1854 monachi
960 1797 1160 1854 Sancti
1216 1796 1429 1853 Albani
1484 1796 1560 1852 ad
1608 1797 1882 1869 proprios
1933 1815 2077 1852 usus
2146 1798 2441 1869 petebant,
2506 1802 2568 1853 et

463 1879 505 1905 ‘⁶
543 1880 939 1952 assignatione
962 1880 1357 1946 Vicariarum‚
1386 1887 1448 1937 et
1471 1880 1754 1936 custodiis
1790 1887 2197 1952 utrarumque,
2226 1899 2372 1952 quas
2409 1882 2570 1937 idem

464 1963 506 1990 ‘⁶
542 1962 743 2021 Abbas
799 1971 861 2021 et
908 1966 1184 2021 monachi
1244 1965 1360 2021 sibi
1412 1964 1690 2020 similiter
1739 1965 2147 2031 vendicabant,
2200 1966 2288 2021 ita
2341 1965 2457 2022 erit
2478 1986 2570 2031 ;—

463 2046 504 2072 “
543 2048 700 2118 quod
733 2049 1061 2121 Episcopus
1099 2049 1548 2113 Lincolniensis,
1589 2054 1650 2104 et
1687 2048 1815 2118 ejus
1854 2066 2240 2113 successores,
2279 2066 2386 2121 per
2420 2049 2570 2104 hanc

462 2129 504 2154 “
542 2130 968 2188 ordinationem
1026 2137 1307 2197 nostram,
1373 2135 1549 2186 erunt
1608 2131 1670 2186 in
1728 2137 2102 2202 perpetuum,
2157 2131 2284 2187 sine
2333 2132 2441 2187 lite
2494 2131 2569 2186 ab

453 2214 498 2240 ‘⁸
537 2213 823 2271 alterutra
854 2221 1022 2287 parte
1056 2215 1363 2279 movenda,
1401 2215 1467 2270 in
1502 2232 1571 2269 eo
1608 2220 1769 2270 statu
1814 2216 1879 2269 in
1934 2233 2050 2285 quo
2088 2215 2417 2286 Episcopus
2455 2215 2572 2270 fuit

458 2298 497 2324 “
536 2304 673 2354 ante
732 2298 905 2354 litem
966 2304 1206 2355 motam.
1307 2299 1400 2354 De
1450 2299 1634 2354 Cellis
1688 2304 1887 2354 autem
1924 2299 2009 2353 ita
2045 2300 2162 2353 erit
2188 2316 2446 2365 ;—cum
2507 2298 2571 2352 in

461 2381 504 2406 ‘⁸
541 2381 764 2437 eisdem
824 2383 1169 2439 statuendus
1231 2383 1413 2438 fuerit
1460 2382 1636 2437 Prior
1696 2381 1770 2436 ab
1829 2381 2059 2436 Abbate
2120 2387 2180 2437 et
2239 2381 2566 2446 Conventu,

460 2464 503 2490 “
539 2465 948 2535 providebitur
1030 2465 1476 2537 praesentandus
1531 2464 1825 2536 Episcopo
1879 2464 2275 2520 Lincolniensi
2334 2469 2393 2519 et
2445 2465 2571 2520 suis

462 2547 502 2575 “
543 2550 1001 2612 successoribus,
1038 2555 1423 2621 suscepturus
1460 2548 1534 2603 ab
1573 2548 1781 2603 codem
1831 2553 1892 2602 et
1945 2548 2385 2604 successoribus
2422 2549 2568 2613 suiS,

462 2632 501 2658 ‘⁴
544 2631 670 2687 sine
708 2632 1070 2698 difficultate,
1126 2639 1187 2688 et
1240 2633 1367 2688 sine
1403 2649 1584 2686 morae
1640 2631 1968 2702 dispendiO,
2006 2631 2571 2687 administrationem

460 2716 500 2742 “
541 2715 928 2786 spiritualem,
968 2716 1265 2780 videlicet,
1306 2716 1689 2771 ecclesiarum
1742 2714 2184 2786 parochialium,
2223 2717 2571 2787 pensionum

460 2800 500 2826 “
542 2798 927 2862 decimarum,
974 2805 1035 2855 et
1088 2800 1139 2855 si
1178 2818 1298 2871 qua
1340 2805 1478 2855 sunt
1515 2797 1771 2864 similia3
1812 2799 2037 2855 ratione
2091 2818 2340 2871 quorum
2392 2800 2572 2856 faciat

459 2883 499 2909 “
539 2882 697 2938 dicto
722 2883 1012 2954 Episcopo
1037 2888 1097 2938 et
1131 2883 1260 2954 ejus
1306 2882 1748 2937 successoribus
1793 2883 2130 2938 canonicam
2155 2883 2567 2949 obedientiam,

459 2967 499 2992 “
539 2984 675 3022 cum
722 2967 1055 3022 reverentia
1107 2973 1169 3022 et
1220 2967 1459 3032 honore,
1506 2966 1662 3021 sicut
1712 2983 1820 3021 suo
1870 2966 2163 3038 Episcopo
2200 2967 2568 3034 DioecesanO,

457 3051 497 3076 ‘⁸
537 3049 895 3105 exhibendis,
975 3050 1302 3106 Statuimus
1338 3055 1536 3104 tamen
1572 3048 1731 3120 quod
1767 3048 1932 3105 salva
1967 3050 2047 3105 sit
2067 3050 2306 3116 Abbati,
2347 3058 2407 3105 et
2443 3050 2572 3122 ejus

458 3134 497 3160 “
538 3133 993 3200 successoribus,
1032 3152 1175 3192 cura
1210 3134 1541 3188 animarum
1576 3134 1640 3187 in
1676 3132 1982 3187 monachis
2008 3133 2166 3204 apud
2202 3133 2397 3188 Cellas
2436 3152 2572 3189 suas

459 3218 498 3243 ‘⁶
538 3234 643 3287 per
666 3217 1088 3289 Episcopatum
1112 3217 1584 3273 Lincolniensem
1608 3216 2119 3272 commorantibus.
2195 3216 2371 3272 Salva
2396 3218 2574 3272 etiam

458 3302 497 3328 ‘⁴
537 3301 617 3355 sit
652 3300 862 3368 eidem,
903 3307 964 3357 et
1000 3302 1439 3357 successoribus
1480 3301 1624 3366 suis,
1656 3300 1835 3372 plena
1868 3305 2129 3372 potestas
2164 3298 2416 3372 ponendi
2452 3318 2573 3355 mo-

460 3385 499 3410 “
536 3384 754 3439 nachos
790 3383 855 3439 in
890 3384 1092 3450 Gellis,
1133 3389 1195 3440 et
1230 3384 1367 3440 inde
1403 3384 1733 3448 amovendi,
1791 3389 1851 3438 et
1904 3401 2108 3438 eorum
2160 3401 2452 3448 excessus,
2510 3383 2574 3438 in

458 3469 496 3495 “
530 3467 649 3522 hiis
687 3485 817 3538 quae
854 3467 930 3523 ad
966 3467 1230 3523 ordinem
1285 3474 1346 3523 et
1395 3467 1733 3538 regularem
1787 3466 2221 3522 observantiam
2256 3467 2569 3538 pertinent,

461 3552 500 3577 “
538 3550 892 3621 corrigendi.
969 3551 1142 3623 Ipsos
1180 3551 1361 3606 etiam
1397 3550 1656 3616 Priores,
1710 3550 1820 3605 sub
1870 3551 2057 3605 forma
2091 3550 2437 3622 praeseripta
2472 3550 2571 3606 ad-

459 3636 498 3661 “
535 3633 769 3699 missos,
810 3634 937 3689 sine
962 3633 1423 3691 contradictione
1474 3634 1676 3704 aliqua
1723 3633 1902 3689 liceat
1952 3633 2190 3700 Abbati,
2232 3639 2292 3688 et
2341 3652 2571 3690 succes-

459 3719 497 3744 “
537 3716 768 3772 scribas
805 3717 948 3781 suis,
992 3734 1288 3782 revocare,
1331 3722 1507 3788 prout
1539 3716 1799 3772 viderint
1835 3716 2127 3788 expedire.
2165 3780 2176 3786 ,
2218 3715 2571 3774 Ordinamus

460 3802 498 3828 “
537 3799 737 3864 etiam,
775 3805 846 3856 ut
886 3818 1088 3857 omnes
1119 3800 1282 3856 .lites
1335 3806 1397 3855 et
1451 3817 1652 3857 omnes
1709 3800 1966 3871 querelas
2018 3817 2196 3871 super
2245 3801 2571 3872 praemissis

460 3886 498 3911 “
537 3883 808 3940 omnibus
832 3889 1005 3940 motae
1042 3886 1107 3940 in
1131 3890 1485 3957 perpetuum
1510 3884 1951 3955 conquiescant3
1992 3890 2054 3940 et
2074 3883 2242 3940 nulla
2261 3885 2567 3957 rescripta,

459 3969 497 3994 “
537 3985 715 4039 super
750 3968 1077 4038 praemissis
1113 3968 1448 4039 impetrata,
1476 3968 1574 4024 vel
1598 3968 1662 4022 in
1685 3972 1990 4038 posterum
2025 3967 2411 4039 impetranda,
2440 3986 2572 4025 con·

459 4053 497 4078 ‘⁸
534 4059 630 4106 tra
663 4050 842 4106 istam
879 4050 1307 4110 ordinationem
1341 4052 1502 4107 vires
1537 4051 1811 4116 habeant,
1851 4050 1948 4106 vel
1987 4051 2279 4107 effectum.
2384 4052 2463 4108 Et
2508 4051 2571 4107 in

460 4138 499 4162 “
536 4134 717 4205 hujus
752 4135 844 4189 rei
877 4135 1060 4190 robur
1096 4142 1157 4191 et
1203 4135 1627 4199 testimonium,
1681 4141 1805 4191 tam
1857 4152 1982 4200 nOS,
2041 4152 2218 4205 quam
2251 4134 2570 4205 praedictus

457 4220 496 4246 ‘⁶
533 4218 862 4289 Episcopus
900 4218 1329 4274 Lincolniensis
1384 4225 1445 4275 et
1482 4218 1842 4291 Capitulum,
1892 4218 2095 4273 Abbas
2130 4217 2468 4289 praedictuS,
2509 4224 2571 4273 et

457 4304 495 4329 “
536 4301 873 4357 Conventus
937 4301 1139 4358 Sancti
1205 4303 1441 4367 Albani,
1482 4302 1761 4374 proesenti
1822 4302 2041 4373 scripto
2116 4301 2318 4372 sigilla
2368 4306 2571 4358 nostra

438 4387 495 4452 ,“
534 4386 934 4456 apposuimus.
1032 4384 1185 4442 Acta
1249 4387 1314 4441 in
1382 4386 1655 4458 capitulo
1708 4385 2241 4449 westmonasterii,
2293 4401 2444 4439 anno
2494 4384 2568 4439 ab

459 4471 497 4497 “
535 4468 944 4525 Inoarnatione
981 4468 1219 4527 Domini
1255 4470 1573 4526 millesimo
1608 4469 2011 4526 ducentesimo
2046 4486 2199 4524 nono
2236 4466 2527 4524 decimo.'’
