3450 5717
1151 829 1571 882 MONAerRu
1616 830 1859 882 sANc'n
1904 832 2179 885 ALBAm.
2577 819 2705 890 359

611 1011 650 1035 “
684 1009 758 1066 de
806 1010 1223 1084 impedimento
1267 1021 1579 1081 constaret,
1625 1033 1697 1071 ex
1735 1034 1807 1072 eo
1846 1016 2004 1090 quod
2043 1017 2189 1074 dicti
2224 1015 2398 1074 Prior
2444 1023 2507 1078 et
2553 1019 2704 1077 Con·
2760 1014 2902 1068 John
2918 1015 3007 1080 IL,

607 1095 648 1124 “
682 1101 895 1154 ventus
952 1098 1150 1169 ipsum
1208 1098 1704 1158 Archidiaconum
1762 1103 2248 1174 parochianorum
2306 1120 2580 1162 excessus
2638 1106 2701 1161 in
2790 1085 2965 1204 ἐξζξῐ

609 1181 648 1206 “
686 1178 861 1238 dictis
913 1183 1182 1240 ecclesiis
1228 1184 1527 1257 corrigere
1572 1185 1817 1241 minime
1867 1188 2415 1259 ¹praesumpserunt.
2509 1188 2701 1261 Impe-
2815 1218 2949 1271 AD·
2969 1187 2983 1212 '

605 1264 644 1292 ‘⁶
681 1263 1005 1322 dimentum
1040 1266 1220 1324 etiam
1254 1286 1326 1324 ex
1361 1268 1709 1339 quibusdam
1744 1269 1877 1328 aliis
1911 1272 2198 1328 resultare
2227 1271 2459 1329 dicebat
2488 1272 2697 1330 Archi-
2761 1290 3005 1338 1235-60.

606 1351 646 1375 ‘⁴
684 1348 912 1405 diaconi
959 1358 1320 1423 procurator,
1367 1355 1441 1410 de
1480 1354 1695 1425 quibus
1735 1355 1798 1410 in
1832 1354 2058 1426 judicio
2101 1357 2296 1412 fuerat
2341 1358 2498 1414 fecta
2535 1357 2700 1426 fides,
2810 1379 2942 1395 -·-

607 1436 645 1461 ‘⁴
683 1433 961 1506 adjiciens
1008 1437 1352 1509 petitionem
1400 1457 1579 1511 super
1618 1439 1856 1511 juribus
1902 1440 2485 1500 Archidiaconalibus
2533 1444 2703 1515 sequi

607 1520 646 1544 “
683 1536 854 1590 posse
902 1539 975 1576 ex
1020 1521 1136 1579 hiis
1185 1541 1317 1594 quae
1363 1531 1601 1580 narrata
1659 1526 1892 1581 fuerant
1940 1526 2004 1581 in
2049 1525 2270 1584 libello.
2348 1528 2498 1584 Onm
2543 1528 2702 1584 enim

608 1605 645 1632 “
684 1603 978 1661 diceretur
1013 1606 1076 1662 in
1110 1607 1259 1679 ipsc,
1301 1608 1456 1680 quod
1491 1608 1758 1665 ecclesias
1794 1608 1867 1664 de
1906 1611 2119 1683 quibus
2168 1613 2369 1683 agitur
2417 1613 2573 1670 infra
2609 1614 2702 1669 sui

605 1690 644 1713 “
680 1688 1201 1749 Archidiaconatus
1250 1692 1469 1749 limites
1507 1693 1922 1760 consistebant,
1974 1696 2156 1752 libere
2204 1698 2328 1769 peti
2375 1697 2585 1770 potuit,
2637 1715 2701 1753 se

604 1775 642 1804 ‘⁶
680 1790 794 1828 non
828 1774 1103 1845 impediri
1137 1793 1313 1848 super
1342 1776 1579 1848 juribus
1603 1776 2188 1836 Archidiaconalibus
2213 1782 2276 1837 in
2299 1781 2555 1849 eisdem3
2595 1800 2703 1837 nec

604 1860 642 1885 ‘⁶
680 1861 969 1916 sententia
1024 1868 1228 1917 contra
1298 1862 1618 1929 Decanum,
1682 1864 1737 1921 si
1796 1865 1974 1921 etiam
2040 1865 2185 1923 alias
2250 1867 2517 1937 legitime
2582 1867 2705 1923 lata

604 1945 643 1972 “
681 1943 909 2009 fuisset,
962 1963 1084 2001 suae
1131 1947 1437 2003 intentioni
1485 1948 1761 2016 officeret,
1814 1967 1949 2006 cum
2007 1967 2103 2005 res
2153 1950 2306 2007 inter
2366 1951 2512 2008 alios
2571 1958 2704 2008 acta

602 2029 642 2056 ‘⁶
677 2029 900 2084 nemini
934 2030 1146 2090 debeat
1177 2032 1585 2104 praejudicium
1622 2051 1922 2105 generare.
1998 2034 2316 2107 Proposuit
2345 2038 2523 2092 etiam
2547 2037 2706 2108 quod

604 2115 643 2140 “
680 2112 1092 2186 Privilegium,
1132 2134 1169 2172 a
1205 2117 1504 2189 Stephano
1554 2118 1721 2190 Rege
1778 2137 2140 2186 concessum,
2178 2139 2286 2177 nec
2321 2120 2467 2178 istas
2519 2122 2702 2178 ecele-

602 2200 641 2228 “
680 2197 800 2254 sias
849 2200 1104 2255 eximere
1149 2203 1385 2272 potuit;
1448 2221 1585 2258 cum
1633 2203 1744 2258 hoc
1797 2202 1926 2276 ejus
1979 2204 2316 2261 nullatenus
2368 2206 2698 2271 interesset,

602 2284 641 2309 “
677 2300 787 2339 nec
837 2282 1245 2341 inveniebatur
1296 2286 1499 2342 taliter
1551 2288 1980 2354 confirmatum,
2039 2289 2196 2361 quod
2243 2307 2351 2362 per
2400 2290 2703 2346 confirma·

600 2370 639 2395 “
677 2367 896 2424 tionem
930 2368 1267 2441 hujusmodi
1305 2372 1595 2443 exemptio
1630 2373 1995 2445 probaretur.
2067 2373 2196 2429 Nec
2219 2375 2418 2430 valere
2450 2381 2699 2446 poterat,

601 2455 640 2482 “
679 2459 747 2508 ut
785 2453 1035 2520 dicebat,
1077 2455 1399 2512 Clementis
1462 2457 1847 2529 Indulgentia
1882 2459 1946 2515 in
1985 2476 2128 2514 casu
2173 2458 2321 2526 hoc;
2360 2476 2496 2515 cum
2542 2459 2701 2514 enim

599 2539 639 2566 ‘⁶
678 2536 928 2594 ecclesia
964 2539 1045 2595 de
1081 2540 1535 2611 Wymundham,
1590 2541 1663 2597 de
1723 2561 1842 2614 qua
1901 2544 2119 2614 agitur,
2184 2544 2265 2599 sit
2335 2543 2701 2600 Parochialis

599 2623 639 2650 “
674 2621 958 2690 Ecclesia,
985 2629 1046 2680 et
1078 2642 1197 2680 non
1233 2625 1418 2691 Cella,
1458 2626 1535 2681 ad
1572 2644 1752 2697 quem
1788 2644 1895 2699 per
1932 2627 2201 2683 Priorem
2238 2631 2299 2682 et
2337 2626 2702 2684 Conventum

596 2709 635 2736 ‘⁶
672 2707 929 2765 vicarius
969 2708 1336 2766 Norwicensi
1360 2710 1652 2783 Episcopo
1691 2717 2102 2784 praesentatur,
2142 2718 2204 2767 et
2237 2729 2441 2768 curam
2482 2712 2702 2768 anima-

598 2795 638 2822 “
678 2810 876 2849 rarum
920 2794 1133 2866 recipit
1168 2795 1241 2850 ab
1277 2794 1501 2861 eodem,
1541 2801 1604 2851 et
1650 2796 1727 2850 ed
1773 2795 1966 2868 ipsam
2010 2795 2350 2868 parochiani
2398 2797 2700 2853 confluunt

599 2879 637 2906 ‘⁶
674 2895 784 2950 pro
814 2877 1056 2944 divinis,
1095 2884 1157 2934 et
1191 2897 1228 2934 a
1260 2880 1484 2935 vicario
1518 2880 1925 2937 ecclesiastica
1969 2880 2266 2954 recipiunt
2314 2887 2695 2947 sacramenta,

597 2965 637 2990 ‘⁴
676 2962 975 3019 monachis
1012 2963 1198 3035 ipsius
1236 2963 1417 3020 Cellae
1455 2964 1807 3022 facientibus
1855 2965 2013 3022 intra
2058 2966 2345 3033 chorum3
2400 2965 2476 3021 ad
2523 2983 2700 3038 quam

600 3049 637 3075 ‘⁸
676 3048 854 3102 etiam
899 3047 1268 3119 parochianis
1307 3066 1414 3121 per
1452 3047 1698 3120 publica
1745 3055 1932 3110 strata
1977 3055 2140 3121 petet
2183 3051 2511 3122 ingressus,
2553 3050 2700 3123 ipsis

598 3134 636 3159 ‘⁶
674 3149 816 3187 vero
866 3132 1169 3189 monachis
1206 3132 1284 3188 ad
1328 3133 1579 3189 chorum
1627 3133 1805 3190 datur
1853 3134 2049 3189 aditus
2097 3133 2369 3201 aliunde;
2423 3134 2568 3190 licet
2600 3152 2701 3206 pa·

595 3217 635 3244 ‘⁸
672 3214 854 3272 rietes
881 3215 1266 3288 ²parochialis
1316 3217 1599 3282 ecclesioe,
1635 3223 1698 3273 et
1747 3218 1912 3274 chori
1959 3218 2024 3273 in
2070 3235 2187 3289 quo
2233 3234 2340 3289 per
2385 3218 2700 3273 monachos

594 3302 634 3326 ‘¹
673 3299 1023 3367 deservitur,
1050 3301 1309 3357 continui
1341 3301 1479 3366 sint,
1505 3302 1785 3374 ipsosque
1815 3302 1895 3362 sit
1919 3307 2236 3374 protegens
2264 3301 2423 3357 idem
2455 3307 2696 3366 tectum,

597 3387 635 3414 ‘⁴
674 3384 1013 3456 hujusmodi
1058 3391 1257 3441 tamen
1303 3384 1554 3442 ecclesia
1611 3386 1768 3441 infra
1826 3385 2005 3441 0011ae
2064 3386 2350 3441 ambitum
2404 3403 2522 3441 non
2567 3404 2702 3442 con·

596 3471 635 3496 ‘⁴
675 3470 852 3535 sistit,
904 3487 1011 3525 nec
1058 3469 1134 3525 ad
1178 3471 1371 3541 ipsam
1415 3470 1790 3543 indulgentia
1847 3488 1913 3526 se
1973 3470 2251 3526 extendit.
2322 3468 2420 3526 Ad
2477 3470 2696 3526 discre-

595 3557 633 3584 “
671 3555 893 3610 tionem
940 3555 1121 3610 etiam
1167 3555 1325 3610 inter
1370 3554 1563 3626 ipsam
1610 3555 1840 3610 Cellam
1887 3560 1948 3610 et
1992 3555 2335 3627 praedictam
2387 3556 2698 3611 ecclesiam

597 3643 636 3666 “
674 3639 843 3711 plene
878 3640 1209 3705 notandam,
1246 3640 1438 3696 multa
1471 3645 1594 3700 tam
1633 3639 1791 3711 juris
1828 3657 2006 3712 quam
2043 3640 2183 3697 facti
2217 3658 2356 3713 pars
2390 3639 2698 3696 Archidia·

595 3725 635 3754 ‘⁶
673 3723 804 3779 coni
862 3725 1173 3796 proposuit
1230 3741 1430 3780 coram
1478 3724 1667 3790 nobis,
1731 3741 2000 3781 asserens
2036 3724 2155 3779 alia
2204 3725 2322 3780 tria
2370 3724 2698 3797 Privilegia

596 3812 635 3837 ‘⁴
672 3827 789 3865 non
822 3815 1065 3877 tensi-03
1123 3808 1463 3874 Clementis,
1516 3809 1764 3876 scilicet,
1802 3809 2072 3875 Adriani,
2112 3814 2173 3866 et
2219 3809 2548 3876 Ooelestini‚
2593 3808 2697 3881 qui

595 3896 634 3922 “
674 3893 941 3965 quadam
988 3900 1403 3951 concesserunt
1448 3892 1810 3952 Monasterio
1868 3894 2224 3966 supradict0‚
2278 3912 2519 3950 suorum
2565 3893 2695 3966 plu·

594 3983 633 4010 ‘⁴
672 3982 829 4037 rium
878 3980 1376 4054 praedecessorurn
1428 3979 1702 4053 vestigiis
1764 3980 2138 4046 inhoerentes‚
2196 3997 2449 4052 quorum
2501 3980 2696 4036 Privi-

594 4067 633 4093 “
669 4063 831 4139 legia
863 4084 979 4122 non
1013 4071 1311 4138 apparent.
1385 4063 1527 4133 Qoeae
1561 4064 1614 4121 si
1646 4065 1827 4121 etiam
1855 4069 2222 4138 apparerent,
2260 4065 2412 4120 nihil
2451 4082 2692 4136 prorsus

593 4151 632 4177 ‘⁸
672 4150 736 4205 in
784 4150 896 4206 hoc
945 4167 1087 4206 casu
1138 4149 1417 4206 utilitatis
1471 4148 1784 4216 afferrent3
1837 4168 1975 4206 cum
2027 4148 2293 4205 ecclesiae
2345 4149 2421 4204 de
2470 4147 2690 4220 quibus

586 4236 630 4263 “
668 4235 887 4307 agitur,
926 4253 1044 4292 nou
1066 4241 1206 4291 sunt
1228 4234 1430 4301 cellen,
1471 4233 1578 4291 sed
1614 4233 1992 4292 Parochiales
2028 4233 2335 4300 Ecclesias,
2373 4234 2438 4289 in
2474 4234 2689 4306 quibus

592 4322 631 4348 ‘¹
668 4337 777 4392 per
807 4320 1061 4376 vicarios
1096 4320 1450 4377 deservitur.
1525 4318 1654 4375 Nec
1706 4319 1990 4375 Ecclesiae
2026 4319 2172 4391 ipsae
2221 4318 2421 4375 Sancti
2473 4318 2691 4374 Albani

592 4406 631 4434 “
669 4405 951 4461 Ecclesia
986 4405 1106 4462 dici
1139 4405 1384 4478 possint,
1423 4421 1560 4462 cum
1597 4403 1779 4459 Cellae
1810 4403 1884 4459 de
1907 4403 2342 4474 Wymundhem
2377 4410 2690 4460 noscantur

593 4491 631 4517 “
671 4507 800 4546 esse
850 4489 1150 4562 subjectae,
1190 4495 1392 4561 utpote
1444 4489 1520 4545 ad
1577 4507 1721 4561 quas
1765 4507 1871 4560 per
1908 4489 2176 4544 Priorem
2214 4494 2275 4544 et
2324 4488 2688 4546 Conventum

657 4692 673 4724 ¹
698 4692 785 4744 Sic
809 4691 865 4742 in
882 4691 1063 4752 MSS.;
1088 4693 1335 4759 probably
1359 4707 1424 4743 an
1447 4706 1587 4743 error
1745 4690 1767 4724 ²
1783 4688 2096 4755 parochiales
2127 4689 2184 4741 iu
2216 4690 2329 4744 MS.
2367 4691 2604 4748 Claudius
2625 4692 2686 4745 E.

590 4771 672 4823 for
695 4776 726 4800 ‘⁶
734 4772 1113 4839 permiserunt?
1679 4769 1766 4834 iv„
1785 4771 1856 4838 by
1877 4771 2243 4829 imum-tenue.
