3450 5717
1096 847 1523 897 MONAerRn
1571 845 1813 898 emon
1858 846 2137 896 ALBANI.
2589 832 2676 896 23

576 1026 954 1093 solemniter
1000 1026 1246 1093 faciens
1290 1025 1619 1112 exequiae,
1664 1024 1845 1089 inter
1872 1024 2170 1089 Abbates
2214 1023 2561 1110 sepelivit;
2606 1027 2676 1088 et
2745 1039 2960 1102 Wubiu,

574 1130 947 1208 oratorium,
994 1129 1069 1194 in
1118 1152 1249 1215 quo
1292 1128 1472 1194 vixit
1540 1131 1610 1193 et
1675 1133 1974 1192 mortuus
2019 1131 2136 1206 est,
2183 1126 2382 1191 nimis
2444 1126 2528 1190 ob
2573 1147 2674 1190 re·
2701 1105 3005 1216 ethfflbot.

573 1234 934 1298 verentiam
970 1232 1200 1298 Sancti
1245 1231 1560 1297 Germani
1607 1235 1676 1296 et
1723 1230 1898 1296 servi
1953 1229 2080 1296 Dei
2127 1229 2401 1294 dilexit:
2467 1227 2486 1264 ¹
2509 1228 2672 1293 adeo

571 1337 746 1421 quod
790 1357 961 1424 saepe
992 1335 1243 1402 ibidem
1273 1334 1652 1421 frequenter
1681 1332 1706 1371 2
1729 1333 1965 1398 Missas
2005 1333 2362 1398 celebraret
2391 1329 2418 1367 ³
2440 1330 2672 1396 solem·

566 1438 741 1503 niter
766 1463 783 1518 ;
813 1442 1046 1526 postea
1078 1460 1215 1504 non
1244 1436 1472 1524 procul
1500 1460 1541 1502 a
1570 1437 1713 1502 loco
1745 1436 1862 1501 illo
1893 1436 2254 1501 oratorium
2284 1436 2357 1500 in
2385 1432 2671 1500 ⁴honore

566 1540 830 1608 Sanctae
874 1542 1107 1608 Mariae
1154 1540 1565 1627 Magdalenae
1608 1539 1998 1605 construxit.
2091 1537 2247 1615 Iste,
2293 1542 2556 1604 sanctus
2601 1544 2671 1604 et
2695 1545 2792 1596 nia
2813 1547 2975 1600 death.

562 1643 796 1731 plenus
840 1645 1112 1726 dierum,
1156 1642 1437 1710 feliciter
1479 1643 1798 1729 migravit
1840 1643 1927 1707 ad
1972 1641 2348 1707 Dominum.

1250 1926 1587 2013 Alsa-ime,
1634 1926 1980 2014 septimus.

656 2092 965 2161 Alfricus.
1061 2095 1219 2176 Iste,
1274 2094 1436 2161 data
1478 2116 1615 2160 non
1658 2117 1871 2182 parva
1922 2096 2201 2183 pecunia
2229 2094 2665 2177 numismatis,
2748 2104 2933 2164 Alfi-ic,

564 2219 816 2263 necnon
848 2202 917 2263 et
954 2198 1240 2286 pretioso
1285 2197 1497 2286 cypho
1540 2199 1614 2262 in
1646 2219 1778 2284 quo
1809 2198 2063 2285 Corpus
2094 2198 2367 2263 Domini
2396 2220 2667 2285 repone-
2694 2171 2779 2222 Ἰὼ
2804 2172 2993 2230 Abbot.

567 2299 782 2378 batur,
848 2301 1035 2388 cujus
1079 2323 1279 2390 supra
1329 2301 1600 2367 fecimus
1646 2301 2067 2380 mentionem,
2131 2323 2281 2366 cum
2334 2301 2669 2368 donativis

569 2401 718 2467 aliis
761 2402 1332 2489 impretiabssibuS,
1363 2404 1771 2490 comparavit
1801 2425 1843 2468 a
1887 2400 1913 2436 ⁶
1934 2404 2110 2491 Rege
2139 2403 2457 2490 piscinam
2487 2425 2664 2492 mag-
2695 2410 2777 2461 He
2798 2412 2927 2489 bqyn

572 2525 730 2569 nam
790 2528 863 2571 ac
919 2505 1333 2592 profundam,
1385 2506 1690 2572 Ecclesiae
1739 2506 1970 2571 Sancti
2016 2506 2263 2570 AJbani
2307 2507 2506 2571 nimis
2550 2530 2667 2574 no·
2692 2477 3005 2608 ffiffissht‘he

572 2607 789 2673 civam
832 2631 909 2674 ac
951 2608 1260 2689 vicinam,
1293 2631 1440 2695 quae
1486 2607 1513 2647 ⁶
1532 2616 1565 2643 “
1590 2608 1899 2696 Fischpol
1921 2607 1957 2634 '’
1990 2607 2347 2675 dicebatur.
2693 2610 2988 2728 gogzstery

2693 2743 2921 2797 Alban’s.

568 2890 665 2958 De
701 2890 1025 2978 piscamla
1050 2890 1261 2978 Reyie
1290 2891 1489 2979 apud
1506 2890 1942 2979 Kynyiebiri,
1978 2891 2062 2958 M
2058 2891 2394 2959 ona-sterio
2424 2891 2668 2961 Samon·

744 2994 1014 3062 Albani
1063 2994 1328 3076 nociva,
1408 3017 1537 3082 per
1584 2996 1823 3082 ipsum
1876 2994 2204 3062 Abbatem
2261 3019 2308 3062 a
2367 2997 2670 3064 Domino

744 3098 919 3184 Reye
972 3104 1213 3186 empta,
1261 3105 1321 3164 et
1365 3097 1452 3164 {sn
1496 3098 1785 3165 aridam
1829 3105 2088 3166 terram
2131 3099 2418 3166 redacta.

658 3265 826 3330 Erat
876 3270 1101 3330 autem
1146 3264 1403 3351 Regum
1449 3264 1740 3352 piscaria.
1832 3265 2134 3329 Fuerunt
2169 3266 2474 3352 equidem
2504 3267 2669 3354 regii
2694 3282 2869 3336 Abbot

568 3368 854 3434 ministri
899 3375 968 3434 et
1012 3369 1380 3455 piscatores,
1426 3366 1687 3432 molesti
1734 3368 2053 3449 coenobio,
2102 3372 2170 3432 et
2216 3370 2400 3434 oneri
2452 3391 2668 3435 coeno·
2691 3350 2861 3469 fflnss
2881 3421 2968 3472 the

564 3470 761 3552 bitis3
859 3469 885 3508 ⁷
904 3475 1498 3558 oppresseruntque
1560 3491 1748 3557 saepe,
1826 3469 1985 3556 quia
2073 3471 2241 3557 regii
2319 3476 2527 3549 erant,
2599 3475 2668 3537 et
2691 3484 2949 3551 Fishpool.

564 3573 847 3659 superbi,
895 3574 1179 3639 famulos
1239 3572 1714 3660 religiosorum.
1840 3572 2055 3653 Quam
2111 3595 2260 3637 cum
2310 3574 2666 3660 praedictus

563 3676 792 3741 Abbas
851 3676 976 3741 sibi
1038 3680 1549 3764 comparaverat,
1596 3697 1838 3762 aquam
1886 3675 2243 3762 aliquando
2289 3675 2664 3757 derivavit3

563 3784 632 3843 et
679 3779 752 3843 in
782 3784 1109 3866 quantum
1153 3778 1391 3866 potuit,
1426 3800 1511 3843 ne
1557 3778 1673 3843 alii
1702 3777 1929 3864 ⁸reges
1973 3779 2291 3865 piscinam
2340 3779 2523 3843 illam
2556 3779 2669 3844 de·

563 3880 980 3947 siderabilem
1047 3881 1122 3945 in
1188 3885 1527 3968 posterum
1580 3880 1705 3945 sibi
1759 3880 2210 3961 vendicarent,
2265 3881 2523 3968 redegit
2591 3882 2658 3947 in

628 4205 645 4237 ¹
670 4205 903 4271 Adeoque
918 4222 1046 4272 ωερε
1068 4207 1120 4257 in
1141 4209 1332 4259 Wats’s
1352 4214 1475 4258 text.
1734 4210 1755 4237 ⁶
1774 4208 1830 4257 F
1827 4208 2441 4276 &obirata—Margine]
2461 4211 2596 4261 Note
2611 4212 2662 4262 in

628 4285 651 4317 ²
672 4286 889 4336 Missam
910 4286 964 4336 in
985 4288 1170 4337 Wats’s
1190 4294 1316 4338 text.
1665 4286 1779 4338 MS.
1802 4289 1937 4339 Nero
1961 4290 2028 4339 D.
2052 4290 2084 4339 i.

628 4365 651 4397 ³
671 4364 941 4417 solenniter
972 4365 1177 4418 omitted
1210 4366 1263 4417 in
1286 4365 1400 4417 MS.
1424 4366 1558 4418 Nero
1728 4365 1751 4405 ⁷
1772 4377 2114 4433 oppresserunt
2134 4407 2299 4420 .....
2325 4367 2664 4434 reliyiosorm,

561 4445 628 4496 D.
650 4444 681 4496 i.
1664 4449 1872 4499 omitted
1893 4448 1946 4498 in
1969 4449 2082 4500 MS.
2108 4449 2356 4514 spelman.

632 4526 652 4554 ⁴
672 4523 867 4574 Ιιοπονίε
888 4525 941 4574 in
966 4524 1077 4577 MS.
1104 4525 1344 4577 Claudius
1365 4526 1423 4579 E.
1450 4527 1517 4580 iv.
1729 4528 1753 4559 ⁸
1779 4529 1890 4577 Rex
1928 4527 2218 4578 Edwardus
2255 4528 2475 4595 Mat-tyr.
2558 4532 2664 4583 Iste

631 4604 653 4635 ⁵
676 4604 790 4654 Rex
836 4603 1088 4671 Edqam.
1194 4605 1298 4655 Iste
1343 4608 1565 4672 reynavit
1665 4608 1751 4656 vis:
1808 4606 1993 4657 dnobus
2064 4610 2211 4658 annis
2266 4611 2490 4676 regnavit
2512 4632 2528 4660 .-
2615 4620 2665 4661 et

564 4684 801 4735 sexdecbn
834 4684 1316 4751 annis.—Marginal
1343 4685 1476 4738 Note
1511 4686 1563 4736 in
1664 4687 2108 4752 septenniopassus
2128 4689 2509 4755 et.-Marginal
2530 4690 2664 4742 Note

566 4764 719 4816 MSS.
737 4767 870 4818 Nero
892 4765 959 4819 D.
982 4766 1015 4817 i.
1034 4767 1135 4819 and
1151 4766 1388 4819 Claudius
1402 4765 1541 4818 niv·
1665 4766 1718 4816 in
1740 4765 1854 4818 MS.
1879 4766 2014 4818 Nero
2037 4767 2106 4819 D.
2127 4767 2192 4819 iv.
