3450 5717
874 819 1003 890 3¹78
1627 837 1842 889 cmm
1884 836 2214 890 mmmm

550 1039 707 1090 ..John
724 1041 815 1106 11.,
875 1019 910 1048 “
953 1013 1103 1082 vult
1160 1015 1387 1082 istud?
1476 1015 1888 1081 Recedamne
1949 990 2243 1082 vacuus?
2350 1013 2592 1081 Credet
2655 1015 2959 1083 dominus

625 1110 752 1158 23¹³
869 1124 904 1153 ‘⁶
948 1138 1131 1182 meus
1160 1118 1341 1203 quod
1369 1117 1591 1204 aliqua
1619 1117 1917 1184 convicia
1944 1117 2399 1183 suscitaverim
2438 1118 2616 1184 inter
2645 1118 2860 1204 ipsum
2888 1123 2959 1185 et

598 1176 792 1292 &¹131ss
871 1225 906 1255 ‘⁴
951 1241 1108 1302 vos;
1149 1226 1219 1285 et
1262 1221 1355 1287 sic
1382 1221 1457 1285 in
1500 1243 1720 1286 meum
1752 1225 1967 1307 caput,
2013 1242 2161 1286 cum
2199 1221 2425 1285 insons
2455 1220 2714 1300 fuerim,
2748 1219 2958 1287 omnis

562 1313 809 1360 '¹²³⁵‘⁶⁰·
869 1331 906 1357 “
951 1322 1142 1409 culpa
1171 1322 1587 1389 redundabit.
1636 1324 1740 1390 Ut
1770 1322 1929 1410 quid
1960 1323 2211 1409 patitur
2232 1321 2557 1388 Dominus
2579 1323 2729 1389 Rex
2761 1325 2958 1390 talem

530 1442 671 1502 lates,
694 1442 749 1492 in
869 1430 909 1462 “
950 1425 1322 1511 repulsam?
1411 1426 1605 1491 Nihil
1657 1424 1938 1504 habetis,
1985 1425 2115 1490 nisi
2167 1426 2346 1512 quod
2405 1425 2712 1493 dominus
2756 1448 2957 1505 meus,

527 1516 631 1559 ⁸²¹⁰
667 1525 756 1574 Ψ
869 1534 903 1563 “
952 1528 1114 1606 Rex,
1165 1528 1269 1593 vel
1313 1527 1453 1613 ejus
1495 1529 1958 1614 progenitores,
1987 1527 2213 1613 Reges,
2265 1527 2453 1594 vobis
2499 1528 2961 1610 contulerunt3

865 1638 901 1667 “
948 1630 1120 1697 unde
1150 1629 1484 1708 tenemini,
1513 1653 1597 1695 ex
1629 1630 1798 1715 jure,
1832 1630 1957 1715 ipsi
2001 1630 2074 1694 in
2104 1636 2243 1695 tam
2273 1630 2571 1696 districto
2612 1652 2782 1711 casu,
2810 1654 2958 1698 cum

523 1735 734 1786 refused,
864 1740 901 1768 ‘⁶
947 1732 1168 1797 omnia
1210 1733 1348 1798 sint
1391 1733 1717 1819 principiS,
1765 1731 2160 1819 suffiagari.’'
2269 1732 2378 1797 Ad
2424 1732 2566 1800 haec
2608 1734 2959 1819 responde-

860 1839 1022 1900 runt
1048 1834 1276 1900 Abbas
1305 1838 1375 1900 et
1405 1834 1788 1901 Conventus
1808 1841 1949 1915 ;——“
1979 1834 2220 1900 Omnia
2246 1855 2400 1901 vere
2442 1839 2599 1901 sunt
2641 1836 2957 1923 principis

857 1946 890 1971 “
934 1936 1239 2013 tuitione,
1311 1957 1448 2002 non
1506 1936 1965 2002 destructione.
2087 1935 2236 2002 Hoc
2294 1940 2398 2004 est
2447 1938 2619 2023 quod
2687 1938 2955 2023 juravit

854 2045 889 2075 “
932 2039 1080 2104 Rex
1119 2039 1193 2108 in
1236 2060 1356 2105 sua
1383 2039 1814 2117 coronatione,
1844 2043 1915 2105 et
1956 2042 2185 2124 postea
2226 2039 2642 2105 multotiensx
2689 2047 2760 2105 et
2802 2042 2956 2107 ideo

854 2150 888 2177 “
933 2141 1062 2207 hiis
1105 2142 1240 2207 tuis
1285 2141 1709 2208 cavillatoriis
1774 2141 2304 2228 suggestionibus
2361 2142 2739 2211 nullatenus
2804 2164 2957 2210 con-

860 2253 894 2283 “
938 2245 1313 2313 sentimus.'’

520 2368 603 2419 He
625 2368 745 2419 then
949 2350 1098 2416 Hoc
1128 2372 1278 2416 cum
1323 2348 1616 2417 audisset
1660 2347 1933 2434 Symon,
1962 2349 2050 2414 ad
2078 2349 2263 2415 aliud
2306 2371 2511 2437 genus
2556 2350 2956 2439 deceptionis

518 2440 741 2553 {2323
859 2475 928 2519 se
989 2453 1338 2531 convertit,
1378 2452 1598 2518 dicens
1622 2459 1763 2533 ;-“
1788 2450 1863 2518 Si
1928 2472 2064 2517 non
2106 2452 2291 2517 aliud
2340 2473 2457 2538 pro
2512 2453 2693 2540 Rege
2748 2455 2958 2520 facere

519 2567 661 2619 write
683 2585 716 2618 a
860 2563 894 2593 “
937 2555 1301 2634 volueritis,
1331 2555 1561 2621 saltem
1607 2555 1732 2619 hoo
1764 2553 2035 2621 faciatis.
2126 2553 2445 2621 Conficite
2473 2554 2734 2622 litteras
2762 2578 2958 2643 super

517 2634 744 2765 ἓξὲξ
858 2666 891 2693 “
932 2657 1377 2746 postulatione
1404 2657 1587 2743 regia
1614 2655 2022 2735 favorabiles,
2051 2656 2410 2723 secundum
2439 2658 2954 2744 postulationem

519 2768 771 2847 feminffng
792 2767 835 2820 it
858 2769 891 2797 “
935 2782 1139 2838 suam,
1169 2764 1239 2826 et
1269 2758 1664 2826 desiderium
1691 2782 1708 2839 ;
1754 2761 1824 2823 et
1854 2758 2179 2825 confectas
2209 2759 2621 2846 consignetis,
2661 2767 2732 2829 et
2777 2762 2958 2850 sigil-

516 2834 765 2952 },nwffssffffi
856 2870 890 2899 “
933 2862 1104 2928 latas
1162 2862 1239 2927 in
1291 2861 1603 2927 thesauro
1649 2866 1874 2927 vestro
1920 2883 2120 2947 penes
2165 2883 2283 2927 vos
2341 2864 2711 2942 reservetis,
2761 2869 2838 2931 ut
2881 2865 2956 2944 si,

514 2969 652 3033 tody.
854 2974 888 3001 “
931 2965 1245 3032 emollitis
1305 2963 1523 3049 quand
1531 2985 1697 3049 oque
1757 2963 2062 3029 cordibus
2101 2963 2378 3043 vestris,
2439 2969 2512 3031 et
2568 2966 2956 3045 humiliatis,

852 3076 887 3103 “
931 3090 1079 3133 cum
1108 3089 1177 3133 se
1206 3071 1467 3153 tempus
1496 3066 1728 3132 offeret
1763 3070 2219 3152 opportunum,
2248 3066 2394 3132 illas
2422 3074 2759 3157 promptas
2790 3069 2954 3149 Rex,

853 3178 887 3205 “
930 3169 1040 3235 vel
1085 3168 1229 3253 ejus
1277 3167 1576 3246 nuncius,
1628 3168 1849 3233 valeat
1892 3167 2212 3249 invenire,
2241 3173 2311 3235 et
2356 3168 2609 3236 habere.
2701 3171 2793 3238 Et
2835 3171 2957 3238 hoc

858 3277 894 3308 “
938 3271 1153 3350 facite,
1205 3291 1290 3337 ne
1350 3271 1615 3358 penitus
1673 3274 2090 3357 contemptus
2150 3276 2220 3337 et
2279 3274 2686 3358 protervitas
2732 3279 2954 3341 vestra

517 3373 664 3438 They
684 3387 761 3422 re-
857 3383 892 3411 “
935 3372 1287 3440 videatur.’'
1398 3372 1528 3439 Sed
1574 3372 1658 3438 ad
1698 3372 1824 3439 hoc
1866 3371 2096 3438 Abbas
2139 3378 2207 3439 et
2254 3374 2644 3442 Conventus
2685 3398 2953 3464 respon-

518 3506 734 3570 wishing
754 3514 809 3556 ,0
856 3486 889 3512 “
936 3477 1174 3542 derunt
1192 3482 1337 3554 ;—“
1368 3474 1541 3554 Non,
1601 3475 1870 3559 Symon‚
1944 3496 2080 3540 non
2113 3499 2131 3555 ;
2206 3476 2362 3562 quia
2419 3477 2513 3544 sic
2573 3479 2838 3559 diceres,
2881 3483 2954 3545 et

519 3582 595 3624 set
615 3589 647 3623 ὃ
666 3574 766 3623 bad
856 3588 888 3615 “
934 3579 1146 3645 dicere
1190 3598 1426 3665 posses,
1488 3576 1665 3664 quod
1723 3597 1957 3642 consen
1965 3577 2185 3656 simus,
2238 3585 2309 3645 et
2351 3580 2615 3647 litteras
2665 3582 2750 3648 de
2800 3604 2954 3649 con-

853 3690 889 3721 “
932 3703 1127 3750 sensu
1169 3680 1602 3760 confecimus3
1660 3679 1831 3746 sicut
1872 3683 1975 3745 est
2026 3680 2220 3747 modo
2250 3681 2332 3748 de
2375 3681 2621 3750 litteris
2649 3684 2951 3764 Abbatis,

853 3794 886 3822 “
931 3806 1095 3871 quas
1139 3782 1446 3861 ostendis,
1491 3781 2098 3849 Westmonasterii:
2172 3788 2242 3847 et
2294 3785 2389 3851 sic
2433 3785 2740 3853 fieremus
2784 3788 2951 3868 aliis,

856 3895 895 3925 “
939 3909 1102 3974 quos
1159 3885 1431 3973 aggredi
1487 3888 1558 3950 et
1613 3884 1874 3951 flectere
1926 3885 2126 3971 cupis,
2175 3885 2251 3950 in
2302 3888 2674 3973 exemplum
2731 3891 2953 3976 perni-

516 3997 766 4049 Passelew
857 3998 892 4025 “
935 3989 1223 4068 ciosum;
1267 3985 1443 4072 quod
1487 3984 1870 4051 nullatenus
1900 3985 2301 4056 faeeremusl'
2391 3989 2481 4056 Et
2510 3991 2602 4057 sic
2629 3992 2951 4071 confusus,

513 4067 840 4186 ggffided·
862 4091 1126 4160 recessit
1167 4091 1480 4165 tentator,
1526 4108 1646 4155 suo
1689 4087 1931 4157 infecto
1977 4088 2309 4157 desiderio.

1116 4289 1565 4376 Gontiwwamlo
1606 4286 1912 4355 mamm
1946 4285 2260 4374 prooeoe‘sme
2294 4295 2713 4374 proewtatae.

942 4424 1107 4489 Haec
1156 4423 1395 4491 idcirco
1454 4422 1643 4510 plene
1701 4419 2085 4506 scripserim,
2144 4423 2224 4484 ut
2276 4420 2443 4487 sciat
2501 4421 2701 4508 hujus
2743 4421 2952 4488 lector

850 4526 1127 4612 paginae,
1155 4547 1353 4611 quam
1398 4545 1628 4612 graves
1671 4526 1829 4587 sunt
1873 4522 2092 4586 hostes
2121 4520 2482 4601 domestici,
2528 4529 2598 4589 et
2625 4530 2953 4610 quantum

850 4648 1051 4715 regno
1098 4632 1167 4692 et
1196 4628 1478 4695 ecclesiae
1512 4627 1637 4693 iste
1669 4625 1939 4713 Symon,
1970 4623 2252 4712 degener
2279 4625 2613 4714 Anglicus,
2643 4627 2956 4715 cupiebat

852 4750 1205 4796 novercam.
