3450 5717
1070 837 1494 889 nomm-sau
1540 839 1784 891 sANcrl
1831 839 2107 889 ALBANI.
2509 820 2643 889 363

537 1031 732 1096 datus
792 1036 896 1096 est
955 1031 1051 1096 eis
1110 1031 1191 1096 de
1260 1029 1590 1097 audiendo
1642 1029 1895 1117 judicio
1953 1050 2090 1108 suo,
2149 1049 2192 1092 a
2253 1027 2360 1093 die
2419 1025 2649 1094 Sancti
2706 1043 2848 1097 John
2864 1042 2954 1103 11.,

536 1131 871 1199 Michaelis
930 1134 1000 1199 in
1064 1138 1201 1199 tres
1261 1134 1676 1221 septimanas.
2741 1112 2931 1237 ,3332

532 1285 808 1356 Emotis
838 1274 1214 1353 Omworclia
1255 1308 1462 1373 super
1491 1286 1606 1352 lite
1641 1292 2042 1373 praenotata,
2071 1285 2255 1350 inter
2282 1284 2653 1373 proefatum
2715 1246 2955 1365 122313250,

713 1389 1038 1454 Abbatem
1106 1389 1516 1454 Mona-sterit:
1583 1388 1829 1457 Sancti
1909 1388 2174 1453 Albam:
2234 1395 2293 1454 et
2351 1389 2655 1454 Westmo·
2769 1411 2904 1427 ···-··

717 1491 1025 1571 materia,
1072 1498 1153 1557 ut
1196 1491 1670 1579 proemittitur,
1709 1490 1981 1557 diutius
2024 1490 2365 1558 ventilata.

614 1636 652 1661 ‘⁶
691 1633 838 1688 Haec
875 1639 967 1689 est
1014 1633 1208 1688 finalis
1258 1633 1586 1698 concordia,
1644 1635 1801 1689 facta
1852 1632 1916 1688 in
1951 1632 2132 1688 Curia
2183 1632 2422 1689 Domini
2469 1633 2654 1703 Regis
2680 1645 3007 1715 Finalagroe.

544 1710 581 1744 ‘⁶
623 1716 780 1789 apud
814 1717 1419 1782 westmonasterium,
1461 1735 1497 1772 a
1531 1717 1628 1772 die
1671 1717 1872 1773 Sancti
1917 1716 2160 1772 Hillarii
2203 1717 2266 1772 in
2314 1722 2435 1772 tres
2481 1718 2657 1790 septi·
2679 1720 2926 1767 ment-be-

544 1805 580 1830 “
618 1819 839 1865 manas,
904 1820 1052 1856 anno
1112 1803 1284 1872 regni
1336 1801 1521 1873 Regis
1576 1800 1844 1866 Homini,
1919 1801 2027 1855 filii
2096 1801 2281 1872 Regis
2348 1802 2651 1867 Johannis,
2679 1788 2841 1833 ‘veen
2864 1785 2949 1837 *ΒΘ

546 1890 583 1912 “
627 1885 1100 1956 quadragesimO,
1147 1904 1345 1941 coram
1389 1882 1626 1955 Rogero
1662 1884 1736 1940 de
1778 1883 2121 1957 Thurkelby
2163 1891 2223 1940 et
2265 1885 2531 1941 Johanne
2582 1887 2654 1942 de
2681 1848 2995 1970 gthXffls

547 1974 583 1997 “
624 1969 901 2040 Wyville,
942 1970 982 2024 J
986 1969 1323 2034 usticiariis,
1360 1976 1422 2025 et
1469 1970 1602 2025 aliis
1646 1969 1887 2025 Domini
1938 1969 2124 2040 Regis
2174 1969 2445 2026 fidelibus
2499 1976 2641 2027 tunc
2680 1985 2780 2034 and
2801 1985 2964 2038 West-

547 2059 584 2082 ‘⁶
622 2054 1030 2126 proesentibus,
1065 2055 1223 2109 inter
1259 2054 1603 2119 Ricardum,
1630 2054 1922 2109 Abbatem
1946 2053 2476 2121 westmonasterii,
2517 2072 2656 2126 que·
2679 2051 2902 2114 minuet»
2923 2054 2976 2105 in

548 2142 585 2167 ‘⁴
625 2144 868 2204 rentem,
896 2145 958 2194 et
993 2138 1033 2193 J
1035 2138 1340 2203 ohannem,
1368 2138 1660 2195 Abbatem
1687 2138 1888 2194 Sancti
1923 2137 2158 2203 Albani,
2197 2155 2304 2209 per
2330 2139 2370 2194 J
2372 2140 2657 2195 ohannem
2680 2117 2931 2170 reference

550 2227 587 2249 “
627 2222 700 2277 de
760 2222 992 2293 Byrsam,
1030 2223 1289 2294 positum
1324 2222 1453 2278 loco
1489 2241 1595 2278 suo
1631 2223 1708 2277 ad
1748 2221 2094 2278 lucrandum
2129 2223 2226 2278 vel
2261 2223 2657 2299 perdendum3
2682 2184 2993 2307 &ff-3³33&

550 2310 587 2334 “
628 2307 701 2362 de
736 2308 847 2362 hoc
883 2306 1041 2378 quod
1078 2306 1237 2361 idem
1279 2306 1479 2362 Abbas
1519 2307 1722 2362 Sancti
1764 2306 1981 2361 Albani
2020 2306 2177 2379 cepit
2220 2308 2420 2363 averia
2472 2308 2660 2381 ipsius

551 2396 589 2419 ‘⁶
627 2391 874 2447 Abbatis
900 2392 1426 2457 westmonasterii,
1455 2409 1525 2447 eo
1550 2391 1707 2463 quod
1731 2409 1846 2446 non
1890 2391 2160 2464 permisit
2196 2392 2445 2448 ballivos
2471 2393 2660 2465 ipsius

552 2480 589 2503 “
630 2476 881 2532 Abbatis
942 2476 1143 2531 Sancti
1200 2476 1413 2530 Albani
1447 2476 1647 2531 levare
1698 2476 2153 2532 amerciamenta
2192 2477 2265 2532 de
2326 2477 2659 2534 hominibus

553 2566 590 2589 ‘⁶
632 2560 819 2633 ipsius
874 2560 1123 2617 Abbatis
1182 2561 1690 2617 westmonasterii
1746 2562 1810 2615 in
1865 2561 2125 2616 manerio
2181 2559 2255 2616 de
2290 2562 2656 2627 Audenham,

555 2649 592 2675 ‘⁴
633 2664 768 2702 cum
809 2646 872 2701 in
904 2645 1086 2702 Curia
1109 2644 1345 2700 Domini
1382 2644 1568 2717 Regis
1602 2645 1677 2701 ob
1711 2645 1915 2716 aliqua
1948 2645 2166 2701 delicta
2206 2646 2440 2702 fuerant
2475 2663 2662 2700 amer-

555 2735 592 2759 “
631 2732 800 2787 ciati:
846 2748 977 2803 quse
1015 2730 1466 2786 amerciamenta
1500 2730 1658 2784 idem
1706 2729 1908 2785 Abbas
1949 2728 2151 2785 Sancti
2188 2729 2406 2786 Albani
2447 2730 2662 2786 clamat

576 2821 592 2845 ⁶
634 2816 709 2871 ad
747 2816 946 2888 ipsum
983 2815 1295 2889 pertinere,
1316 2832 1424 2887 per
1471 2815 1808 2870 libertatem
1845 2832 2023 2885 quam
2058 2814 2235 2870 habet
2265 2815 2329 2869 in
2357 2814 2661 2870 hundredo

558 2897 594 2925 ‘⁶
635 2914 742 2953 suo
784 2895 859 2951 de
898 2895 1137 2968 Kayso;
1209 2902 1270 2951 et
1318 2894 1473 2950 unde
1510 2895 1797 2967 placitum
1851 2894 1965 2950 fuit
2025 2894 2181 2950 inter
2215 2912 2314 2950 eos
2359 2895 2420 2949 in
2455 2894 2662 2950 eadem

558 2984 594 3008 ‘⁶
635 2981 836 3046 Curia,
889 2980 1137 3045 scilicet,
1199 2979 1358 3051 quod
1404 2980 1724 3051 praedictus
1780 2978 1981 3033 Abbas
2015 2979 2524 3035 westmonasterii
2570 2996 2662 3034 re·

559 3069 595 3092 ‘⁶
637 3065 911 3137 cognovit
945 3071 1007 3119 et
1040 3063 1347 3129 concessit,
1373 3081 1482 3135 pro
1506 3081 1570 3119 se
1603 3070 1665 3119 et
1692 3062 2130 3119 successoribus
2160 3064 2303 3129 suis,
2331 3070 2393 3118 et
2415 3063 2664 3119 ecclesia

559 3154 597 3178 “
638 3167 746 3204 sua
784 3148 1081 3220 praedicta‚
1135 3153 1420 3220 quantum
1456 3147 1532 3203 ad
1571 3148 1733 3220 ipsos
1770 3147 2041 3219 pertinet,
2080 3148 2238 3217 quod
2273 3147 2478 3203 ballivi
2515 3165 2663 3219 praa·

560 3239 597 3262 ‘⁶
638 3233 783 3290 dicti
819 3232 1071 3288 Abbatis
1112 3232 1314 3287 Sancti
1359 3231 1595 3295 Albani,
1654 3237 1716 3287 et
1753 3249 2160 3287 successorum
2203 3249 2463 3298 suorum,
2503 3238 2664 3287 tene-

560 3322 598 3346 “
638 3324 740 3373 ant
774 3318 968 3373 visum
1009 3317 1196 3372 franci
1230 3316 1418 3388 plegii
1440 3317 1505 3371 in
1533 3315 1815 3388 praedicto
1842 3316 2119 3380 manerio,
2157 3316 2339 3371 semel
2390 3317 2451 3370 in
2493 3332 2659 3381 anno,

561 3407 598 3430 “
639 3401 713 3457 de
748 3402 1016 3458 omnibus
1070 3401 1402 3457 hominibus
1455 3400 1721 3472 ejusdem
1774 3400 1952 3467 villae,
1999 3406 2060 3456 et
2107 3406 2266 3466 tunc,
2305 3400 2512 3456 eodem
2566 3401 2663 3455 die

564 3491 601 3514 “
643 3486 874 3558 quando
910 3486 1089 3542 iidem
1126 3485 1333 3541 ballivi
1372 3485 1720 3557 praedictum
1755 3485 1952 3540 visum
1988 3486 2302 3549 tenuerint,
2338 3486 2664 3559 percipient

560 3577 597 3602 “
637 3578 700 3627 et
720 3571 1016 3627 habebunt
1038 3570 1112 3625 de
1138 3570 1343 3626 eadem
1366 3570 1589 3636 villata,
1612 3587 1719 3642 per
1743 3588 1950 3626 manus
1975 3570 2180 3625 ballivi
2203 3570 2391 3641 ipsius
2413 3569 2662 3625 Abbatis

565 3660 603 3685 “
644 3656 1173 3721 westmonasterii,
1221 3659 1281 3711 et
1330 3672 1738 3712 successorum
1787 3673 2046 3721 suorum,
2089 3655 2164 3710 ad
2216 3672 2362 3727 opus
2398 3655 2664 3727 ejusdem

565 3746 604 3769 ‘⁸
640 3740 889 3796 Abbati:
926 3740 999 3795 de
1039 3739 1254 3796 Sancto
1288 3738 1537 3805 Albano,
1571 3745 1632 3796 et
1668 3757 2076 3796 successorum
2115 3757 2374 3804 suorum,
2413 3746 2665 3811 quatuor

566 3830 604 3853 “
646 3824 865 3880 solidos
929 3823 1350 3896 sterlingorum
1386 3830 1635 3888 tantum,
1680 3824 1807 3880 sive
1866 3825 2132 3880 homines
2186 3824 2450 3896 ejusdem
2504 3824 2664 3881 villae

568 3918 605 3943 “
646 3914 868 3968 fuerint
889 3912 1213 3978 amerciati,
1243 3913 1370 3969 sive
1406 3932 1554 3980 non3
1584 3918 1645 3968 et
1666 3912 1973 3969 residuum
1996 3913 2243 3985 proficui
2266 3913 2663 3985 provenientis

567 4001 604 4027 “
644 3997 716 4053 de
766 3997 1051 4070 proedicto
1096 3998 1232 4053 visu
1282 3999 1467 4053 fianci
1507 3997 1715 4071 plegii,
1781 3998 1856 4053 ad
1903 3998 2059 4053 diem
2096 3998 2287 4065 illum,
2339 3999 2666 4056 remanebit

567 4086 606 4110 “
644 4081 927 4154 proedicto
1000 4080 1221 4137 Abbati
1287 4081 1817 4147 westmonasterii,
1891 4089 1951 4137 et
2011 4083 2449 4139 successoribus
2516 4084 2659 4139 suis,

570 4169 608 4195 ‘⁸
646 4165 955 4222 Concessit
1012 4165 1192 4221 etiam
1252 4165 1412 4221 idem
1464 4165 1664 4221 Abbas
1723 4166 2253 4233 westmonasterii,
2311 4185 2419 4240 pro
2484 4186 2547 4224 se
2603 4173 2667 4224 et

570 4254 607 4278 “
646 4249 1087 4307 successoribus
1152 4250 1297 4315 suis,
1350 4256 1413 4306 et
1466 4251 1717 4307 ecclesia
1769 4269 1878 4307 sua
1926 4252 2226 4324 proedicta,
2281 4257 2565 4324 quantum
2602 4253 2667 4308 in

570 4339 610 4363 ‘⁸
646 4336 734 4392 eis
796 4342 905 4401 est,
971 4334 1129 4407 quod
1186 4334 1470 4407 proedicta
1516 4335 1725 4391 villata
1784 4336 1857 4392 de
1915 4336 2265 4392 Audenham
2322 4336 2396 4393 de
2455 4343 2666 4395 cetero

571 4424 608 4449 ‘⁴
648 4419 826 4476 saciat
884 4424 1105 4475 sectam
1164 4418 1240 4474 ad
1298 4419 1646 4490 praedictum
1705 4419 2077 4476 hundredum
2123 4421 2197 4476 de
2257 4421 2476 4494 Kayso,
2537 4423 2665 4478 ubi⁶

570 4508 609 4533 “
646 4521 881 4576 cunque
922 4505 1107 4559 fuerit
1152 4504 1311 4559 infra
1345 4504 1717 4559 hundredum
1753 4504 1921 4569 illud,
1973 4523 2081 4577 per
2115 4506 2310 4561 visum
2364 4507 2662 4564 hominum

571 4594 608 4617 “
648 4590 721 4645 de
770 4589 975 4645 eadem
1020 4589 1185 4655 villa,
1249 4590 1322 4645 de
1368 4589 1562 4645 tribus
1612 4590 1958 4662 septimanis
2007 4591 2070 4645 in
2103 4596 2228 4647 tres
2271 4592 2661 4664 septimanas3

571 4679 609 4703 “
650 4681 711 4730 et
770 4675 947 4730 etiam
997 4676 1500 4746 quotienscunque
1551 4674 1903 4746 praedictum
1954 4675 2324 4732 hundredum
2379 4696 2487 4750 per
2543 4679 2666 4734 bal-

572 4762 611 4789 “
646 4759 801 4815 livos
838 4760 1027 4832 ipsius
1062 4758 1315 4815 Abbatis
1390 4759 1590 4816 Sancti
1649 4759 1886 4827 Albani,
1929 4761 2026 4816 vel
2074 4779 2481 4819 successorum
2535 4782 2666 4820 suo·

573 4846 612 4875 “
649 4862 805 4913 rum,
849 4843 1185 4901 rationabili
1229 4843 1302 4900 de
1340 4861 1516 4902 causa
1565 4848 1816 4916 ponatur
1854 4843 1930 4902 ad
1964 4844 2290 4920 longiorem
2326 4848 2662 4919 terminum,
