3450 5717
815 806 945 872 4324,
1571 823 1784 873 (tessun
1829 798 2156 874 Austurrtnu

541 1026 727 1091 Roger,
815 1010 1182 1097 sapientes3
1242 1013 1358 1097 qui
1401 1011 1525 1077 hoc
1568 1011 1890 1097 scriptum
1933 1010 2003 1074 in
2052 1007 2477 1095 Francigena,
2522 1005 2629 1071 hic
2670 1004 2746 1071 in
2788 1005 2918 1070 La-

575 1094 695 1142 24th

545 1160 735 1221 Abba,

566 1226 703 1276 Λα).

516 1297 757 1344 1260-90.

480 1426 673 1476 Award

481 1492 538 1541 of
564 1493 650 1542 the
671 1492 774 1542 Ar-

482 1559 719 1610 bitrators

479 1629 701 1676 between

483 1761 580 1808 and
605 1758 686 1809 Sir

481 1825 623 1875 John
644 1825 781 1876 Fitz-

482 1891 636 1941 John.

815 1113 1034 1178 tinum
1077 1115 1496 1193 translatum,
1545 1114 1837 1180 studiose
1884 1112 2419 1179 dictaverunt.—

893 1275 929 1300 “
956 1272 1175 1328 Dicunt
1214 1272 1439 1338 arbitri,
1491 1245 1733 1338 scilicet,
1786 1269 1978 1327 Adam
2026 1270 2100 1326 de
2140 1268 2355 1340 Ylleye
2410 1272 2472 1323 et
2521 1266 2818 1322 Ricardus
2855 1264 2920 1319 la

846 1360 861 1383 ‘
896 1356 1117 1421 Vache,
1179 1357 1403 1413 ratione
1453 1356 1715 1412 Chasciae
1768 1356 1840 1411 de
1877 1354 2225 1419 Horewode,
2286 1351 2445 1423 quod
2490 1350 2776 1407 Dominus
2815 1348 2920 1404 Jo-

824 1444 860 1468 “
898 1441 1118 1496 hannes
1172 1441 1328 1496 filins
1389 1440 1429 1496 J
1431 1440 1674 1496 ohannis
1739 1439 1954 1494 habeat
1998 1438 2229 1508 integre
2284 1435 2578 1491 chasciam
2623 1435 2688 1489 in
2747 1432 2920 1505 sylva

825 1529 861 1552 “
901 1525 1140 1579 Domini
1173 1524 1444 1590 Abbatis,
1486 1523 1641 1580 sicut
1681 1524 1866 1589 alibi3
1920 1524 2006 1579 ita
2041 1521 2199 1593 quod
2238 1520 2556 1592 praedictus
2594 1518 2635 1574 J
2636 1518 2914 1581 ohanneS‚

825 1612 861 1636 ‘⁴
900 1608 1180 1674 haeredes,
1201 1614 1261 1664 et
1283 1609 1569 1679 assignati
1595 1608 1706 1681 sui,
1732 1608 2028 1663 annuatim
2045 1611 2353 1663 teneantur
2367 1602 2614 1660 reddere
2635 1601 2920 1675 praedicto

482 1693 568 1743 the
589 1693 765 1742 Abbot
825 1695 862 1719 “

899 1692 1136 1758 Abbati,
1165 1698 1226 1747 et
1247 1692 1370 1748 suis
1397 1693 1834 1748 successoribus
1869 1691 1934 1746 in
1968 1694 2331 1762 perpetuum,
2370 1706 2473 1744 sex
2507 1689 2663 1742 feras
2698 1685 2918 1740 medio·-

826 1778 862 1803 “
903 1794 1048 1840 creS,
1108 1777 1350 1842 scilicet,
1405 1780 1527 1831 tres
1575 1776 1775 1832 damos
1824 1773 2136 1838 masculos,
2178 1773 2274 1828 die
2324 1773 2553 1828 Sanctae
2608 1770 2816 1827 Crucis
2851 1770 2918 1823 in

826 1862 864 1887 “
903 1864 1198 1924 autumnO,
1239 1860 1315 1914 ad
1347 1860 1677 1915 manerium
1716 1877 1889 1915 suum
1914 1857 1987 1913 de
2023 1858 2408 1930 Wyneslawe,
2438 1862 2499 1911 et
2532 1861 2657 1911 tres
2693 1853 2914 1916 damas,

481 1958 782 2011 A.D.1272.
825 1946 863 1971 “

824 2031 861 2055 “
899 2028 1188 2101 Virginis.
1280 2029 1361 2084 Et
1392 2028 1539 2083 bene
1579 2027 1783 2084 licebit
1820 2026 2058 2093 Abbati,
2109 2026 2212 2096 qui
2258 2043 2367 2097 pro
2412 2030 2673 2096 tempore
2717 2022 2915 2086 fuerit,

822 2115 859 2139 ‘⁶
897 2113 961 2167 in
995 2113 1232 2184 propria
1264 2129 1528 2183 persona,
1557 2128 1795 2167 currere
1833 2111 2016 2167 semel
2051 2109 2355 2165 annuatim
2391 2108 2454 2163 in
2476 2106 2717 2179 proprio
2740 2106 2918 2162 bosco

823 2199 859 2223 ‘⁶
900 2214 1006 2251 suo
1053 2195 1359 2261 antediem,
1413 2212 1520 2267 per
1571 2195 1814 2250 biduum
1864 2194 2153 2249 continue.
2247 2193 2326 2248 Et
2379 2193 2431 2246 si
2491 2199 2631 2247 tnnc
2681 2207 2918 2245 currere

823 2284 860 2307 ‘⁶
897 2280 1249 2351 neqniverit,
1292 2295 1637 2350 quocunque
1673 2277 1848 2334 modo
1895 2277 2292 2350 perturbatae,
2333 2283 2534 2331 currat
2586 2275 2650 2330 in
2683 2273 2916 2339 triduo;

824 2367 861 2391 “
901 2364 985 2419 ita
1034 2362 1208 2435 quod,
1254 2362 1306 2418 si
1346 2362 1567 2417 bestias
1606 2362 1848 2433 ceperit,
1889 2361 2141 2416 Domino
2178 2359 2437 2415 «Iohanni
2482 2364 2822 2422 memorate,
2861 2364 2924 2412 et

826 2451 862 2474 ‘⁶
899 2446 1253 2511 haeredibus,
1299 2446 1364 2501 in
1409 2446 1672 2518 proximo
1732 2445 1983 2501 termino
2023 2450 2157 2516 post
2203 2462 2444 2501 cursum
2479 2442 2728 2499 Abbatis
2782 2442 2923 2498 allo-

824 2534 862 2558 “
902 2537 1140 2596 centur3
1202 2547 1309 2585 nec
1351 2531 1530 2585 liceat
1580 2529 1802 2585 Abbati
1849 2529 1953 2585 illo
2001 2546 2150 2584 auno
2191 2530 2328 2601 plus
2383 2544 2560 2600 quam
2604 2534 2728 2583 tres
2765 2528 2922 2582 feras

824 2619 863 2643 “
902 2634 1125 2687 capere.
1216 2616 1296 2669 Et
1343 2615 1396 2669 si
1439 2614 1697 2686 aliquam
1734 2630 1942 2685 capere
1990 2614 2345 2685 nequiverit,
2386 2613 2507 2667 illae
2545 2630 2646 2668 sex
2690 2612 2915 2677 bestias,

826 2702 862 2726 ‘⁶
904 2700 1057 2754 sicut
1088 2699 1400 2769 praefatum
1437 2703 1545 2762 est,
1602 2697 1821 2753 Abbati
1873 2698 2279 2753 restituentur.
2377 2696 2507 2752 Nec
2554 2694 2917 2760 forestal-im,

826 2787 863 2810 “
901 2801 1009 2837 nec
1068 2782 1283 2853 aliquis
1349 2781 1502 2837 alius
1557 2780 1629 2836 de
1678 2781 1906 2837 familia
1952 2780 2189 2837 Domini
2245 2779 2533 2835 Johannis
2594 2779 2917 2843 memorati,

826 2870 863 2893 “
903 2866 1191 2935 fugabunt
1225 2865 1380 2920 feras
1431 2869 1594 2919 extra
1629 2864 1852 2935 sylvam
1894 2864 2134 2919 Domini
2180 2863 2430 2919 Abbatis
2464 2867 2651 2926 nocte,
2692 2862 2922 2932 quando

825 2952 863 2975 ‘⁸
904 2949 965 3004 in
1014 2948 1266 3004 crastino
1314 2965 1551 3003 currere
1586 2947 1877 3019 proponit.
1987 2948 2066 3004 Et
2104 2949 2157 3004 si
2190 2948 2389 3003 Abbas
2441 2952 2797 3019 praenotatus
2846 2946 2922 3001 ab

826 3037 864 3058 “
909 3031 1245 3103 hujusmodi
1282 3049 1459 3087 cursu
1507 3030 1773 3094 desistat,
1815 3031 2137 3086 secundum
2171 3031 2363 3103 majus
2404 3031 2502 3085 vel
2550 3030 2767 3094 minus,
2806 3047 2922 3084 non

826 3120 864 3144 “
902 3116 1071 3171 cedat
1105 3115 1167 3170 in
1188 3113 1597 3186 praejudicium
1624 3114 1766 3186 quin
1786 3114 1936 3186 ipse,
1975 3120 2037 3170 et
2059 3114 2154 3170 sni
2179 3132 2567 3179 successores,
2596 3119 2836 3169 currant
2859 3113 2921 3169 in

828 3205 864 3227 “
903 3206 1220 3271 posterum,
1261 3198 1582 3254 secundum
1629 3198 1878 3253 formam
1923 3197 2286 3270 praedictam,
2340 3199 2467 3254 sine
2507 3197 2924 3270 impedimento

827 3287 863 3311 “
903 3283 1046 3338 dicti
1082 3281 1319 3337 Domini
1356 3280 1396 3336 J
1398 3280 1657 3346 ohannis,
1696 3281 1794 3338 vel
1828 3281 2131 3337 haeredum
2167 3300 2424 3339 suorum.

902 1944 1146 2010 scilicet,
1173 1944 1415 1999 alterius
1440 1961 1631 2008 sexus,
1659 1944 1723 1997 in
1746 1942 1976 2014 Vigilia
1999 1941 2016 1973 ¹
2034 1940 2464 1997 Purificationis
2489 1940 2690 1995 Beatae
2711 1937 2920 1992 Marias

900 3371 937 3394 ‘⁶
964 3368 1043 3422 Et
1090 3367 1141 3422 si
1176 3365 1476 3437 contingat
1520 3365 1864 3436 praedictam
1913 3364 2221 3421 Chasciam
2269 3365 2586 3431 debilitari,
2637 3365 2724 3421 ita
2770 3364 2924 3437 quod

831 3455 869 3478 ‘⁴
907 3450 1194 3506 Dominus
1244 3450 1284 3504 J
1287 3448 1538 3504 ohannes
1584 3454 1962 3514 memoratus,
2016 3456 2118 3504 aut
2152 3449 2418 3505 haeredes
2443 3448 2573 3514 sui,
2613 3449 2925 3521 proedictas

831 3540 868 3563 ‘⁶
908 3536 1062 3590 feras
1121 3533 1387 3589 terminis
1425 3532 1660 3588 statutis
1700 3534 2040 3604 persolvere
2075 3530 2467 3607 nequiverint,
2518 3533 2785 3588 concedit
2816 3551 2926 3605 pro

832 3623 869 3647 ‘⁶
910 3637 991 3683 se,
1032 3624 1091 3673 et
1110 3617 1442 3673 haeredibus
1479 3615 1621 3681 suis,
1661 3616 1737 3671 ad
1773 3616 2114 3672 solvendum
2139 3617 2389 3672 Domino
2417 3616 2651 3681 Abbati,
2682 3619 2787 3688 qui
2820 3635 2928 3689 pro

833 3707 870 3730 ‘⁴
910 3709 1173 3773 tempore
1208 3701 1408 3765 fuerit,
1465 3717 1572 3771 pro
1627 3698 1869 3765 eisdem,
1919 3700 2137 3771 viginti
2184 3706 2246 3756 et
2281 3706 2533 3771 quatuor
2568 3698 2785 3755 solidos
2819 3717 2928 3771 per

834 3791 871 3813 “
911 3804 1142 3850 annum,
1172 3785 1247 3841 ad
1264 3785 1548 3841 terminos
1574 3784 2023 3856 suprascriptos.
2124 3783 2190 3839 Si
2232 3790 2430 3839 autem
2470 3783 2632 3839 illius
2661 3784 2927 3855 pecuniae

835 3875 872 3898 ‘⁴
913 3871 1127 3926 solutio
1163 3867 1515 3934 retardetur,
1547 3866 1767 3933 Abbas,
1796 3874 1858 3922 et
1893 3869 1987 3922 sui
2014 3883 2400 3931 successores,
2445 3867 2661 3922 facient
2697 3866 2926 3922 distric-

836 3959 872 3982 “
911 3956 1128 4011 tionem
1152 3953 1215 4008 in
1238 3953 1587 4008 tenementis
1612 3969 1743 4022 quae
1776 3950 2064 4006 Ricardus
2091 3950 2318 4017 Bulloc‚
2348 3950 2640 4006 Ricardus
2660 3950 2923 4016 Atwode,

836 4044 872 4066 “
913 4038 1205 4095 Walterus
1222 4035 1544 4101 Attea-ode,
1565 4041 1626 4090 et
1648 4034 2015 4106 Reginaldus
2037 4034 2308 4106 Aylwyn,
2335 4034 2401 4089 in
2418 4034 2704 4089 servitute
2725 4041 2925 4089 tenue-

836 4127 872 4149 “
913 4128 1051 4177 runt
1101 4121 1162 4175 in
1196 4121 1340 4176 villa
1374 4118 1447 4173 de
1484 4119 1636 4174 Asse
1675 4117 1771 4173 die
1813 4118 2190 4173 confectionis
2232 4118 2407 4174 istius
2444 4118 2669 4189 scripti.
2761 4117 2840 4172 Et
2875 4117 2929 4172 si

836 4209 873 4234 ‘⁶
913 4207 1215 4277 contingat
1240 4203 1394 4275 quod
1414 4202 1632 4266 Abbas,
1659 4203 1758 4257 vel
1783 4219 2150 4257 successores
2170 4202 2282 4267 sui,
2310 4202 2407 4259 vel
2436 4201 2669 4273 aliquis,
2697 4201 2928 4256 nomine

838 4294 875 4317 “
915 4309 1134 4354 eorum,
1171 4287 1519 4360 praedictum
1569 4286 1813 4341 boscum
1851 4286 2084 4356 penitus
2136 4285 2559 4350 distrinxerint,
2612 4285 2930 4357 praedictus

839 4379 875 4401 “
917 4375 955 4428 J
959 4376 1232 4435 ohannes,
1263 4377 1322 4426 et
1356 4369 1617 4426 haeredes
1645 4369 1756 4433 sui,
1798 4370 1986 4439 quieti
2022 4369 2155 4433 sint,
2185 4375 2247 4424 et
2269 4369 2540 4433 absoluti,
2566 4375 2690 4424 tam
2725 4386 2931 4440 &pras-

839 4461 876 4484 “
916 4457 1203 4512 dictarum
1228 4455 1550 4510 bestiarum
1590 4454 1898 4517 solutione,
1937 4470 2113 4524 quam
2160 4452 2234 4507 de
2270 4451 2506 4508 redditu
2539 4469 2647 4524 pro
2681 4452 2927 4518 eisdem,

1014 4689 1031 4721 ¹
1052 4690 1159 4740 The
1181 4691 1319 4740 word
1351 4692 1384 4717 ‘⁸
1403 4689 1623 4753 viquiae”
1646 4687 1690 4738 is
1712 4688 1929 4739 inserted
1951 4688 2070 4739 here
2093 4688 2146 4738 in
2170 4687 2255 4738 the
2276 4687 2407 4749 MS„
2429 4688 2498 4752 by
2520 4687 2750 4737 mistake.
