3450 5717
1079 817 1504 873 Momm-nnn
1550 818 1791 871 sANcrl
1836 817 2109 871 ALBAm.
2559 806 2646 869 83

531 1001 1003 1091 multiplicaret
1064 1006 1391 1074 Dominus
1442 976 1812 1094 potentiam
1858 1029 2062 1086 suam,
2114 1010 2183 1072 et
2228 1010 2502 1094 augeret
2545 1006 2639 1072 fa-
2705 1008 2959 1075 Gwfflty,

533 1105 814 1173 cultates
870 1107 1127 1175 Abbati
1188 1110 1621 1198 pertinentes,
1680 1116 1780 1191 ut,
1850 1111 1966 1198 qui
2025 1108 2210 1197 prius
2269 1109 2640 1177 mendicare
2731 1077 2922 1205 Algssgt,

531 1206 901 1289 videbatur,
942 1209 1019 1277 in
1061 1212 1370 1283 omnibus
1412 1214 1501 1281 ad
1542 1212 1813 1300 plenum
1855 1211 2242 1279 abundaret.
2704 1210 2949 1332 1122&

943 1435 1048 1503 Do
1070 1439 1352 1524 jactura
1376 1436 1623 1526 serem-t
1665 1436 1908 1507 Sancti
1950 1435 2232 1503 Albani.

620 1573 821 1640 Anno
863 1596 1125 1665 quoque
1184 1581 1514 1665 sequente,
1565 1599 1780 1643 annus
1841 1574 2021 1642 omni
2053 1575 2355 1641 ubertate
2400 1572 2640 1638 redun-
2665 1582 2777 1635 The
2798 1584 2933 1651 body

532 1673 738 1755 davit,
769 1677 870 1742 ita
897 1683 978 1744 ut
1005 1700 1144 1744 non
1173 1684 1507 1768 oporteret
1535 1680 1887 1762 Abbatem,
1910 1684 1991 1744 ut
2018 1677 2221 1766 prius,
2255 1677 2336 1743 de
2364 1676 2641 1764 penuria
2662 1650 2834 1769 ζζῐξξξ
2853 1717 2917 1771 of

532 1800 891 1867 pauperum
921 1781 1277 1848 sollicitari.
1342 1782 1636 1849 Collecta
1665 1783 1877 1871 igitur
1905 1782 2197 1871 pecunia,
2228 1778 2635 1871 propositum
2662 1783 2736 1836 St·
2758 1786 2926 1839 Alban

530 1902 739 1960 suum,
782 1883 858 1948 in
903 1905 1097 1972 opere
1159 1883 1469 1967 feretrali,
1522 1884 1911 1972 diligentius
1973 1888 2042 1950 et
2102 1882 2424 1949 efficacius
2483 1902 2635 1948 exe·
2659 1853 2898 1983 ᾞζῖξξζ

529 1984 870 2070 quebatur.
1022 1988 1114 2054 Et
1187 1988 1441 2055 factum
1519 1992 1637 2067 est,
1723 1992 1823 2069 ut,
1900 1986 2271 2053 fabricante
2336 1984 2632 2051 Domino
2659 1985 2746 2037 the
2768 1988 2939 2043 monk.

527 2086 885 2166 Anketillo,
917 2088 1114 2175 hujus
1153 2090 1438 2157 ecclesiae
1468 2089 1813 2169 monacho,
1856 2089 2020 2156 adeo
2049 2092 2505 2176 prosperatum
2535 2090 2637 2152 est

529 2209 708 2276 opus,
741 2194 813 2256 et
854 2192 1257 2278 expeditum,
1304 2197 1385 2260 ut
1427 2192 1851 2260 intuentibus
1895 2191 2402 2257 admirationem
2442 2211 2636 2277 gene·

526 2298 720 2360 taret.
829 2293 1019 2362 Fecit
1084 2299 1313 2362 autem
1372 2295 1542 2362 illud
1595 2316 1792 2383 opere
1845 2294 2099 2373 ductili,
2145 2298 2217 2361 et
2268 2292 2524 2360 elevato
2567 2298 2640 2359 et

527 2394 782 2478 educto,
827 2396 1150 2485 imagines
1195 2397 1469 2486 impulit
1516 2397 1782 2480 elevari,
1833 2402 1904 2465 et
1955 2418 2271 2464 concavas
2321 2401 2639 2463 caemento

526 2498 857 2581 solidavit,
916 2505 988 2566 st
1045 2500 1445 2589 elegantiam
1529 2500 1740 2569 totius
1799 2501 2089 2588 corporis
2161 2499 2505 2581 feretmlis,
2566 2499 2639 2563 in

520 2600 788 2668 brevius
833 2602 1094 2669 culmen
1131 2604 1561 2685 ascendendO,
1609 2604 1954 2671 coartavit.
2048 2602 2141 2668 Et
2169 2603 2266 2669 sic
2295 2601 2507 2668 totius
2539 2601 2635 2667 rei

525 2702 966 2773 substantiam
1009 2705 1244 2775 melius
1287 2707 1693 2776 venustavit.

616 2806 905 2874 Cristam
947 2812 1111 2874 tunc
1154 2809 1473 2896 temporis
1518 2808 1792 2876 minime
1820 2807 2113 2898 perfecit,
2159 2810 2519 2894 expectans
2548 2806 2635 2871 ad
2659 2820 2773 2873 The
2793 2836 2927 2873 num-

522 2907 648 2975 hoc
675 2916 976 2999 tempora
1011 2912 1469 2994 commodiora,
1501 2911 1747 2999 quibus
1786 2910 1872 2977 ad
1901 2911 2025 2981 hoc
2053 2930 2214 2981 auro
2243 2914 2312 2978 et
2340 2914 2634 2997 argento,
2657 2888 2879 3016 3232&
2889 2956 2976 3007 the

523 3034 600 3078 ac
628 3013 922 3100 gemmis,
949 3014 1219 3081 uberius
1246 3014 1660 3097 abundaret3
1704 3014 1882 3083 unde
1923 3013 2160 3079 dilatio
2196 3013 2334 3094 illa,
2366 3018 2636 3101 propter
2657 3022 2827 3074 shrine
2849 3022 2895 3073 is

520 3115 767 3181 multas
812 3122 1214 3207 emergentes
1267 3139 1511 3199 causas,
1558 3139 1721 3205 quas
1766 3115 2005 3183 diatim
2052 3114 2290 3181 mundi
2341 3136 2632 3183 crescens
2653 3088 2869 3208 ἓξὲξ
2888 3157 2959 3222 by

522 3218 785 3284 malitia
834 3220 1205 3302 suscitavit,
1265 3219 1434 3287 illud
1495 3241 1661 3309 opus
1720 3224 1869 3286 toto
1928 3218 2094 3287 vitae
2147 3239 2284 3283 suae
2335 3224 2630 3306 tempore
2654 3223 2832 3273 Abbot

524 3321 908 3408 suspendit;
955 3326 1023 3389 et
1053 3321 1375 3411 incipiens
1418 3322 1747 3389 aedificare
1776 3343 1913 3387 non
1958 3320 2325 3411 promeruit
2367 3320 2633 3407 incepta
2656 3289 2908 3359 Geoffivy.

520 3444 981 3491 consummare.
1104 3425 1542 3513 Proposuerat
1601 3429 1832 3491 tamen
1889 3423 2077 3489 illam
2137 3421 2407 3489 cristam
2468 3422 2632 3488 adeo

519 3525 812 3592 nobilem
870 3533 941 3593 et
999 3533 1458 3616 sumptuosam
1518 3527 1952 3617 proculdubio
2011 3527 2239 3608 facere,
2288 3530 2370 3591 ut
2413 3548 2499 3592 ex
2557 3548 2636 3592 ea

519 3628 733 3694 totius
761 3630 976 3716 operis
1005 3631 1208 3697 series
1237 3635 1662 3697 venustatem
1694 3628 2061 3717 sortiretur,
2095 3632 2166 3695 et
2207 3626 2419 3721 pluris
2462 3626 2635 3695 foret

525 3728 546 3766 ¹
572 3752 772 3821 quam
816 3733 1028 3803 totius
1071 3732 1298 3800 feretri
1317 3739 1707 3823 coopertura
1746 3732 2026 3799 residua.
2120 3731 2212 3797 Et
2229 3752 2380 3796 cum
2411 3731 2636 3796 omnia

519 3855 720 3921 quam
775 3834 1084 3903 decenter
1127 3837 1627 3905 fabricabantur
1667 3837 1743 3902 in
1800 3835 2058 3917 feretr0,
2126 3838 2152 3876 ²
2169 3838 2408 3901 cuncta
2474 3832 2635 3899 fecit

517 3937 775 4025 copiose
839 3938 1166 4027 deaurari,
1221 3941 1324 4006 ita
1384 3945 1465 4007 ut
1514 3940 1741 4031 potius
1802 3960 2004 4006 aurea
2056 3960 2261 4027 quam
2313 3941 2631 4029 argentea

515 4039 928 4126 viderentur,
973 4047 1043 4109 et
1087 4048 1502 4132 apparerent.

605 4143 700 4213 Et
745 4167 896 4212 cum
955 4146 1038 4215 de
1094 4148 1371 4241 antiquo
1399 4148 1603 4237 hujus
1648 4147 1937 4218 ecelesiae
1983 4146 2295 4215 thesauro
2342 4144 2621 4234 prolatae

510 4246 794 4319 fuissent
821 4270 1098 4338 gemmae
1127 4251 1215 4319 ad
1258 4273 1424 4340 opus
1469 4252 1698 4319 feretri
1728 4250 2192 4331 decorandum,
2237 4248 2427 4315 allati
2469 4251 2628 4314 sunt

515 4350 786 4438 quidam
840 4354 1044 4442 ampli
1090 4354 1362 4443 lapides,
1411 4377 1576 4441 quos
1630 4365 1665 4392 “
1681 4356 1934 4423 sardios
1981 4354 2254 4421 oniclios
2272 4352 2313 4378 ’'
2342 4350 2630 4443 appella·

583 4694 719 4759 *με
760 4695 816 4746 in
859 4695 973 4748 MS.
1009 4694 1257 4747 Claudius
1313 4693 1374 4747 E.
1413 4693 1587 4829 ingl
1665 4690 2519 4747 'mminuaclaudiusnim

516 4772 1377 4829 conectedfiomMS.NeroD.i.
2234 4858 2280 4907 F
2323 4844 2368 4908 2
