3450 5717
1118 907 1543 959 Mosasrssn
1589 907 1834 958 sanc-n
1878 907 2154 958 arsam
2555 891 2682 964 175

578 1097 821 1165 rubore
865 1095 1150 1162 suffusus
1209 1102 1312 1163 est
1361 1116 1498 1162 non
1550 1094 1828 1176 modion,
1873 1095 2053 1183 quod
2096 1095 2172 1160 in
2222 1099 2415 1161 tanto
2462 1094 2691 1161 discri·
2767 1111 2977 1175 Robert,

579 1202 760 1268 mine
803 1199 1021 1266 victus
1079 1205 1180 1265 ost
1230 1221 1273 1265 a
1330 1198 1479 1265 viro
1523 1198 1876 1281 mediocri3
1950 1204 2057 1279 et,
2089 1198 2207 1285 qui
2268 1196 2689 1264 invincibiles
2779 1178 2974 1307 ἐξὲξ,

577 1304 890 1383 edomuit,
968 1325 1011 1368 a
1072 1302 1356 1390 simplici
1428 1323 1497 1367 se
1561 1300 1817 1367 victum
1904 1301 2362 1367 confitebatur.
2486 1300 2688 1366 Unde
2803 1310 2869 1361 A
2872 1312 2935 1362 D.

571 1428 827 1495 semper
858 1406 1094 1475 Comes
1132 1410 1381 1494 postea,
1424 1409 1618 1472 caute
1656 1405 1831 1470 seria
1870 1408 2290 1472 commutans
2330 1404 2406 1468 in
2445 1403 2687 1489 jocosa,
2752 1382 2992 1482 ῃᾞῧ·

576 1512 676 1577 ait
700 1519 821 1591 ;—‘
823 1509 1002 1575 ‘Per
1045 1509 1345 1575 lanceam
1388 1508 1534 1587 Dei,
1584 1529 1828 1572 nomen
1876 1513 2070 1574 tuum
2118 1507 2202 1572 de
2247 1510 2484 1572 caetero
2544 1529 2691 1573 mu-

572 1623 606 1651 “
650 1613 926 1694 tabitur‚
985 1618 1055 1678 et
1114 1611 1454 1678 vocaberis
1515 1617 1531 1647 ‘
1565 1611 1895 1676 Robertus
1942 1609 2387 1692 Matefelone,'
2445 1630 2689 1677 nomen

571 1724 608 1754 “
654 1717 957 1803 adeptus,
1002 1721 1072 1782 et
1117 1719 1369 1792 tenens,
1414 1714 1502 1780 ab
1546 1713 1841 1780 effectu.”

643 1987 742 2053 De
786 2008 992 2053 cansa
1039 1985 1226 2051 inter
1269 2006 1394 2050 ‘nos
1438 1991 1496 2049 et
1543 1982 1851 2050 Elicnses
1890 2007 2023 2071 pro
2068 2006 2337 2073 corpore
2383 1982 2625 2051 Sancti

1494 2086 1780 2167 Albani,

667 2227 779 2294 Ad
807 2226 1142 2294 cumulum
1187 2230 1412 2292 autem
1461 2225 1812 2291 titulorum
1840 2224 2128 2291 Abbatis
2158 2226 2447 2304 Roberti,
2479 2248 2686 2294 unum
2713 2242 2889 2293 Abbot

578 2332 890 2399 duximus
917 2331 1073 2398 huic
1100 2330 1340 2418 scripto
1386 2329 1822 2397 inserendum.
1914 2328 2218 2417 Contigit
2246 2350 2383 2395 una
2409 2329 2682 2413 dierum,
2711 2309 3004 2440 ξοέζηῖζθ·

582 2436 742 2501 dum
789 2435 863 2501 in
908 2433 1112 2501 Curia
1156 2434 1456 2498 Romana
1499 2437 1884 2510 moraretur,
1947 2432 2346 2518 colloquium
2404 2433 2683 2520 speciale
2708 2442 2788 2491 Po
2757 2458 2851 2507 ope
2872 2451 2927 2493 to
2948 2444 3029 2495 aid

576 2544 647 2605 et
689 2538 1024 2626 prolixum
1066 2557 1215 2602 cum
1271 2536 1467 2623 Papa,
1516 2535 1690 2601 sicut
1751 2535 1919 2601 solet
1960 2535 2208 2601 amicus
2257 2556 2408 2602 cum
2452 2536 2678 2616 amico,
2705 2508 2923 2642 ’ἐξὲξ
2944 2578 3029 2629 the

573 2640 649 2706 in
676 2640 967 2708 thalamo
995 2637 1434 2728 protrahendo
1463 2637 1894 2704 continuavit.
1942 2636 2036 2703 Et
2061 2637 2241 2703 inter
2267 2636 2685 2724 loquendum,
2713 2644 2919 2709 locality
2942 2645 3001 2694 of

577 2745 863 2812 recolens
899 2743 1293 2830 jactantiam
1339 2741 1743 2828 Elyensium‚
1789 2739 1905 2826 qui
1934 2761 2002 2805 se
2046 2740 2210 2807 falso
2240 2747 2543 2808 asserunt
2584 2765 2689 2809 re·
2712 2710 2921 2828 211?
2915 2778 2942 2827 f

579 2849 822 2935 liquias
880 2846 1072 2912 Beati
1130 2843 1380 2910 Albani
1446 2865 1645 2931 penes
1704 2864 1773 2909 se
1817 2842 2132 2922 obtinere,
2197 2843 2338 2925 ait3
2346 2853 2443 2894 —-‘
2449 2844 2690 2912 ‘Pater
2717 2844 2992 2898 St.A1ban.

583 2950 924 3029 “Sancte,
973 2948 1246 3036 expedit
1298 2946 1663 3013 dilucidare
1707 2945 2106 3028 veritatem3
2149 2946 2505 3014 rescindite
2550 2970 2688 3014 ma·

581 3059 619 3088 ‘·'
663 3053 901 3120 teriam
943 3050 1259 3118 falsitatis
1306 3055 1374 3116 et
1414 3049 1784 3137 jactantiae,
1832 3070 1983 3135 quae
2022 3048 2325 3116 fomitem
2374 3051 2450 3116 in
2493 3052 2692 3118 eccle-

584 3167 616 3193 “
660 3156 778 3222 siis
851 3152 1142 3222 scandali
1202 3152 1681 3219 subministrat.
1797 3149 2117 3218 Vestrum
2184 3156 2305 3232 est,
2390 3152 2691 3236 Domine,

580 3266 618 3295 “
665 3262 962 3325 errantes
1009 3255 1348 3343 corrigere,
1417 3254 1767 3321 rebellium
1811 3253 2098 3341 impetus
2148 3253 2515 3334 retundere,
2574 3277 2690 3322 va-

579 3372 612 3398 “
657 3362 958 3428 cillantes
1014 3359 1420 3438 confirmare,
1472 3361 1693 3444 prout,
1726 3356 1948 3435 Petro,
1994 3361 2066 3423 et
2111 3355 2306 3423 vobis
2348 3356 2423 3422 in
2474 3357 2690 3440 Petro,

581 3471 618 3503 “
665 3465 920 3532 dictum
977 3466 1079 3530 est
1148 3485 1192 3527 a
1247 3460 1555 3542 Domine,
1670 3460 1764 3526 Et
1823 3464 1903 3526 tu
1953 3458 2311 3546 aliquando
2376 3460 2693 3527 confirma

582 3578 620 3605 “
664 3568 904 3634 fratres
982 3570 1151 3632 tuos.
1287 3564 1552 3630 Scribat
1620 3563 1836 3651 igitur
1896 3561 2292 3629 venerabilis
2356 3562 2691 3632 Sanctitas

580 3678 617 3709 ‘⁶
661 3676 885 3737 vestra
956 3668 1174 3736 tribus
1222 3666 1492 3755 Angliae
1552 3665 1916 3754 Episcopis,
1978 3687 2259 3752 quorum
2323 3667 2691 3755 praecipuus

580 3782 616 3811 “
661 3775 753 3841 sit
784 3773 861 3852 B,
904 3772 1013 3839 vir
1054 3770 1322 3858 quidem
1366 3769 1876 3855 circumspectus
1921 3773 1990 3834 et
2034 3772 2322 3835 sectator
2362 3770 2688 3853 veritatis,

580 3886 617 3916 “
661 3882 761 3958 ut,
821 3876 1002 3942 facta
1063 3870 1368 3961 diligenti
1414 3876 1484 3939 et
1528 3870 1770 3938 efficaci
1822 3869 2274 3958 inquisitione,
2322 3879 2693 3941 commenta

579 3988 613 4019 “
658 3981 978 4068 detegant
1023 3976 1350 4043 falsitatis.
1465 3975 1559 4041 Et
1601 3975 1661 4041 si
1720 3982 2127 4063 praesumant
2179 3996 2248 4041 se
2294 3982 2691 4045 memoratas

577 4083 970 4170 “reliquias
997 4101 1198 4170 penes
1240 4080 1417 4168 ipsos
1465 4076 1929 4159 recondidisse,
1977 4081 2063 4157 et,
2093 4077 2320 4146 doloso
2364 4080 2569 4146 titulo
2612 4103 2690 4150 ac

579 4194 618 4225 “
664 4185 976 4273 sacrilego
1023 4183 1280 4262 scelere,
1349 4181 1507 4249 laesa
1549 4179 1700 4262 fide,
1748 4181 2124 4260 retinuisse,
2197 4203 2284 4248 ne
2340 4183 2692 4272 patiantur

579 4298 618 4329 “
660 4291 1032 4357 animarum
1061 4285 1574 4367 damnationem,
1603 4285 1956 4351 restituere
2000 4304 2137 4350 non
2184 4285 2519 4353 omittant.
2597 4286 2691 4355 Et

580 4402 617 4431 “
661 4394 756 4460 sic
811 4390 1162 4460 memorati
1220 4387 1546 4476 Episcopi,
1607 4386 1897 4454 fideliter
1938 4386 2254 4453 mandata
2304 4387 2691 4474 Apostolica

582 4507 618 4535 ‘⁶
659 4499 1143 4586 prosequentes,
1215 4491 1463 4557 famam
1523 4488 1845 4577 Martyris
1904 4490 2239 4567 studeant,
2299 4489 2442 4557 sine
2484 4514 2687 4561 morae

582 4611 616 4637 “
661 4597 1023 4688 dispendiO,
1069 4591 1485 4662 dilucidare.”

675 4702 767 4767 Et
810 4701 937 4769 hoc
979 4720 1132 4766 cum
1182 4697 1478 4764 audisset
1505 4694 1703 4783 Papa,
1742 4694 1944 4780 justis
1986 4693 2421 4782 petitionibus
2460 4719 2688 4766 sereno

585 4808 781 4874 vultu
811 4804 1125 4874 exhibuit
1153 4824 1222 4870 se
1273 4801 1718 4869 favorabilem.
1810 4800 1901 4867 Et
1944 4800 2301 4888 subjunxit
2328 4803 2556 4872 Abbas
2582 4828 2688 4885 3—

463 3932 494 3975 Ο
