3450 5717
1083 858 1509 909 MoNAsrnnu
1556 859 1801 908 SANCTI
1847 859 2121 909 ALBANI.
2519 848 2647 910 405

557 1050 593 1071 ‘⁶
632 1063 759 1100 ram
817 1046 1141 1102 incurrant.
1236 1047 1552 1103 ¹Poterunt
1590 1053 1789 1103 tamen
1838 1047 2021 1103 iidem
2074 1046 2114 1101 J
2119 1045 2272 1101 udaei
2330 1046 2647 1101 Londoniis

554 1134 591 1156 ‘⁸
632 1130 833 1185 domos
869 1129 891 1163 ⁹
922 1149 1077 1196 suas,
1126 1138 1187 1187 et
1221 1131 1467 1187 oedificia
1504 1150 1628 1196 sua,
1669 1132 1837 1203 prius
1875 1131 2072 1187 diruta
2108 1137 2168 1185 et
2204 1130 2519 1194 destructa,
2558 1147 2648 1184 re-

555 1218 591 1240 “
632 1232 857 1285 parare,
921 1219 982 1270 et
1030 1216 1092 1270 in
1140 1221 1361 1271 statum
1412 1215 1733 1287 pristinum
1782 1215 1895 1270 ³ad
1947 1216 2311 1270 voluntatem
2364 1214 2644 1285 dirigere.

2739 1059 2922 1123 308213

2771 1125 2893 1174 24th

2740 1193 2933 1252 Abbot,

2761 1259 2899 1308 A.D.

554 1304 591 1324 ‘⁶
631 1298 1005 1354 Providimus
1069 1299 1171 1354 ⁴et
1219 1299 1549 1365 statuimuS,
1608 1300 1680 1354 de
1726 1297 1748 1329 ⁵
1768 1299 2011 1355 consilio
2071 1305 2290 1364 nostru,
2345 1298 2503 1369 quod
2577 1299 2650 1354 de
2713 1330 2953 1375 1260-90.

553 1390 589 1408 ‘⁶
629 1382 897 1439 domibus
951 1383 1075 1439 suis
1125 1384 1424 1455 praedictis
1475 1384 1871 1440 inhabitandis
1910 1384 2004 1439 vel
2061 1384 2339 1449 locandis,
2381 1390 2450 1439 ut
2502 1402 2649 1455 prae-

553 1472 589 1492 “
629 1467 854 1524 dictum
889 1475 997 1534 est,
1034 1469 1233 1524 nullus
1272 1469 1311 1522 J
1314 1469 1517 1527 udaeus
1553 1469 1815 1541 placitet,
1854 1469 1952 1523 vel
1987 1469 2270 1540 placitare
2305 1468 2508 1540 possit,
2548 1485 2654 1540 per

552 1557 587 1579 “
628 1552 830 1609 brevia
880 1558 1082 1608 nostra
1141 1552 1453 1623 originalia
1501 1552 1574 1607 de
1630 1551 2033 1618 Cancellaria;
2091 1552 2196 1607 sed
2250 1550 2653 1607 tantummodo

553 1642 589 1662 “
629 1655 824 1693 coram
852 1637 892 1691 J
894 1637 1213 1693 usticiariis
1236 1637 1452 1692 nostris
1490 1635 1565 1692 ad
1589 1637 1918 1693 custodiam
1944 1635 1984 1692 J
1986 1636 2288 1692 udoeorum
2314 1636 2650 1707 assignatiS,

554 1726 590 1747 “
628 1739 735 1793 per
758 1722 961 1777 brevia
997 1722 1036 1776 J
1039 1721 1291 1777 udaismi
1317 1728 1610 1786 consueta,
1639 1728 1700 1777 et
1734 1722 2017 1784 hactenus
2042 1722 2275 1778 usitata.
2350 1721 2440 1776 De
2476 1721 2654 1777 terris

554 1810 589 1831 “
629 1811 847 1871 autem,
887 1811 949 1861 et
988 1806 1231 1871 tenuris,
1271 1805 1345 1860 de
1383 1805 1597 1877 quibus
1636 1806 1676 1860 J
1677 1805 1835 1861 udaei
1888 1813 2022 1861 ante
2059 1824 2317 1878 praesens
2360 1806 2655 1861 Statutum

553 1894 589 1916 ‘⁴
642 1887 897 1945 ¹¹feoffati
934 1896 1089 1955 sunt,
1116 1890 1386 1946 volumus
1408 1891 1564 1962 quod
1598 1890 1939 1962 hujusmodi
1966 1890 2384 1947 infeodationes
2412 1897 2471 1946 et
2506 1889 2659 1945 dona

555 1979 591 2000 “
628 1973 651 2010 ⁷
668 1974 1089 2040 adnihilentur,
1143 1979 1203 2029 et
1250 1980 1427 2029 terrae
1484 1982 1544 2030 et
1591 1981 1927 2030 tenementa
1980 1975 2085 2030 illa
2139 1974 2512 2039 Christianis,
2554 1973 2656 2045 qui

553 2062 589 2083 ‘⁶
630 2057 744 2113 sibi
780 2076 850 2113 ea
894 2057 1264 2125 dimiserunt,
1305 2065 1678 2115 remaneant:
1745 2059 1830 2115 ita
1864 2066 2080 2125 tamen,
2137 2059 2294 2130 quod
2331 2057 2655 2114 Christiani

553 2147 588 2168 ‘⁶
630 2141 989 2198 satisfaciant
1044 2142 1311 2199 ⁸Judaeis
1371 2143 1444 2199 de
1505 2143 1772 2215 pecunia,
1826 2162 1933 2199 seu
1993 2144 2205 2199 catallo
2265 2149 2535 2199 contento
2595 2143 2657 2197 in

552 2230 588 2253 ‘⁶'
630 2227 846 2283 chartis
888 2232 948 2282 et
984 2227 1394 2299 chirographis
1429 2227 1451 2259 ⁹
1471 2226 1630 2293 suis3
1670 2228 1780 2282 hac
1817 2227 1996 2282 etiam
2034 2226 2263 2297 adjecta
2298 2227 2651 2293 conditione,

553 2315 589 2337 ‘⁶
631 2310 672 2341 ¹⁰
687 2311 843 2383 quod
867 2312 918 2367 si
943 2311 1269 2367 Christiani
1305 2311 1694 2366 incontinenti
1734 2310 1773 2365 J
1779 2311 1959 2367 udaeis
1985 2312 2329 2367 satisfacere
2371 2330 2489 2367 non
2526 2330 2657 2383 pos·

552 2400 588 2422 ‘⁶
629 2397 765 2461 sint,
821 2395 998 2451 liceat
1033 2396 1073 2450 J
1075 2396 1259 2451 udaeis
1300 2395 1601 2468 praedictis
1650 2402 1987 2452 tenementa
2021 2396 2128 2452 illa
2180 2397 2315 2453 aliis
2371 2396 2408 2427 ¹¹
2427 2397 2467 2451 J
2470 2397 2654 2453 udaeis

551 2483 587 2504 ‘⁶
626 2479 940 2544 dimittere,
968 2477 1150 2534 donec
1173 2477 1309 2534 inde
1333 2497 1439 2551 per
1473 2478 1881 2535 rationabilem
1906 2485 2218 2544 extentam,
2260 2479 2300 2512 ¹²
2319 2497 2425 2535 seu
2447 2497 2655 2536 verum

522 2568 587 2635 '⁶‘
626 2563 886 2619 valorem
922 2563 1256 2629 eorundem,
1308 2563 1520 2619 catalla
1543 2582 1667 2629 sua,
1720 2563 1849 2618 sine
1887 2581 2087 2631 usura,
2128 2563 2326 2619 levare
2373 2568 2654 2635 possunt;

552 2653 588 2674 “
630 2647 670 2681 ¹³
686 2649 850 2704 salvo
872 2654 1069 2703 tamen
1093 2647 1449 2704 Christianis
1484 2648 1881 2721 herbergagio
1905 2666 2029 2704 suo,
2105 2648 2202 2703 Ita
2227 2647 2382 2719 quod
2408 2648 2447 2702 J
2451 2648 2654 2703 udaeus

553 2736 589 2759 ‘⁶
628 2733 935 2805 pecuniam
970 2731 1011 2764 ¹⁴
1029 2749 1197 2788 suam
1232 2750 1339 2804 per
1370 2751 1579 2788 manus
1607 2732 2098 2797 Christianorum,
2129 2737 2190 2787 et
2211 2750 2330 2787 non
2364 2730 2402 2763 ¹⁵
2420 2731 2459 2785 J
2462 2730 2656 2786 udaeo-

553 2822 607 2844 “⁶
628 2835 780 2882 rum,
822 2816 863 2848 ¹⁶
878 2817 1144 2888 recipiat,
1170 2824 1240 2872 ut
1272 2814 1623 2888 'praedictum
1660 2822 1770 2873 est.
1847 2817 1925 2877 Et
1950 2818 2000 2872 si
2034 2817 2338 2887 contingat
2379 2815 2655 2870 Judaeum

552 2906 588 2928 ‘⁸
628 2902 886 2973 aliquem
923 2901 1357 2957 feoffamentum
1395 2900 1436 2939 ¹⁷
1454 2920 1488 2957 a
1527 2901 1737 2973 quovis
1765 2901 2102 2957 Christiano
2157 2900 2194 2932 ¹⁸
2209 2901 2282 2956 de
2318 2906 2655 2956 tenemento

550 2990 586 3014 “
626 2987 722 3041 vel
770 2984 943 3041 feodo
980 2987 1264 3058 recipere,
1320 2991 1525 3042 contra
1575 3003 1838 3057 praesens
1878 2985 2197 3051 Statutum,
2241 2984 2280 3040 J
2284 2983 2488 3041 udaeus
2523 2984 2654 3054 ipse

552 3076 588 3099 “
628 3071 852 3126 dictum
874 3076 1293 3137 tenementum,
1314 3089 1419 3127 seu
1445 3070 1701 3136 feodum,
1723 3070 1961 3143 penitus
1978 3070 2226 3138 amittat,
2248 3074 2308 3125 et
2331 3070 2392 3124 in
2416 3085 2654 3123 manum

552 3160 587 3181 ‘⁸
628 3160 887 3211 nostram
910 3153 951 3187 ¹⁹
967 3156 1201 3227 penitus
1226 3155 1507 3226 capiatur,
1537 3161 1598 3210 et
1622 3153 1787 3210 salvo
1809 3153 2203 3219 custodiatur3
2248 3156 2307 3207 et
2332 3151 2654 3207 Christiani

549 3244 586 3267 ‘⁶
625 3240 736 3306 illi,
762 3239 859 3295 vel
883 3257 1086 3295 eorum
1108 3239 1391 3304 haeredes,
1419 3237 1664 3294 ”terras
1686 3238 1786 3293 vel
1809 3243 2143 3294 tenementa
2161 3238 2233 3292 de
2257 3254 2437 3290 manu
2459 3242 2657 3290 nostra

550 3329 587 3352 “
628 3325 959 3380 rehabeant.
1050 3324 1148 3380 Ita
1177 3330 1393 3389 tamen,
1420 3323 1577 3395 quod
1616 3329 1803 3379 totam
1840 3322 2150 3395 pecuniam
2186 3338 2362 3393 quam
2398 3321 2471 3376 ab
2508 3321 2653 3391 ipsis

552 3411 589 3436 ‘⁶
632 3410 671 3464 J
674 3409 858 3465 udaeis
914 3406 954 3438 ²¹
973 3427 1080 3480 per
1115 3407 1459 3482 hujusmodi
1510 3408 1872 3464 feoffationes
1907 3406 2261 3479 receperint,
2309 3404 2478 3461 nobis
2512 3411 2653 3460 tunc

615 3622 628 3652 ¹
652 3620 891 3672 Poterant
911 3620 968 3671 in
990 3618 1124 3685 MS„
1144 3621 1400 3672 corrected
1422 3621 1553 3672 stom
1705 3619 1741 3653 ¹¹
1774 3618 2075 3671 Christianis
2095 3620 2351 3680 dimittere,
2373 3619 2579 3685 Rymer.

548 3702 757 3768 Rymer.
1706 3699 1749 3732 ¹2
1770 3698 2030 3751 secundum
2053 3716 2233 3761 verum,
2256 3700 2462 3764 Rymer.

613 3781 636 3813 ²
656 3799 775 3832 suas
798 3781 1007 3833 omitted
1039 3781 1093 3832 in
1114 3782 1317 3847 Rymer.
1707 3779 1746 3812 ¹³
1765 3779 1920 3830 salvis
1977 3787 2133 3829 tamen
2174 3778 2476 3829 Christianis
2530 3778 2650 3841 alis,

612 3860 635 3894 ³
667 3860 882 3926 rediyere
936 3860 1006 3911 ad
1056 3859 1344 3911 voluntatem
1397 3875 1551 3923 suant,
1639 3857 1974 3925 kerheryayio‚
1997 3860 2200 3924 Rymer.

547 3942 755 4007 Rymer.
1706 3938 1746 3970 ¹⁴
1779 3955 1866 3988 seu
1888 3937 2118 3988 catallum
2139 3954 2294 4001 suum,
2310 3937 2517 4004 Rymer.

616 4021 637 4052 ⁴
661 4022 806 4070 etiam
828 4026 890 4081 et,
915 4021 1121 4086 Rymer.
1704 4019 1743 4050 ¹⁵
1763 4018 2050 4070 Judoeorum
2085 4019 2194 4070 inde
2227 4019 2459 4083 recipiat,
2494 4019 2642 4082 sicut,

611 4101 632 4133 ⁵
656 4100 816 4150 eodem
837 4097 1053 4162 consilio,
1075 4100 1282 4164 Rymer.
1646 4099 1851 4164 Rymer.

613 4178 860 4247 ⁶feqffati
888 4178 1105 4243 sinerint,
1152 4185 1202 4228 et
1246 4192 1372 4242 quas
1426 4193 1553 4226 nunc
1707 4178 1746 4211 ¹⁸
1767 4179 2015 4244 recipiant
2034 4177 2089 4228 in
2112 4180 2226 4231 MS.

546 4267 719 4322 tenent,
743 4258 971 4320 volumus,
993 4258 1201 4323 Rymer.
1707 4258 1746 4290 ¹⁷
1768 4275 1803 4308 a
1824 4257 1956 4308 modo
1972 4260 2228 4324 reciperen
2244 4260 2431 4323 quovis,
2445 4259 2648 4323 Rymer.

610 4339 631 4377 2·
648 4339 848 4404 penitus
876 4336 1218 4398 adnihilantur,
1240 4339 1448 4402 Rymer.
1708 4341 1747 4370 ¹¹³
1770 4338 1831 4388 de
1863 4338 2031 4403 aliquo
2066 4337 2224 4404 seoda
2256 4354 2342 4388 seu
2374 4344 2651 4401 tenemento,

610 4418 634 4449 ⁸
656 4419 778 4483 ipsis
798 4417 1011 4481 Judoeis,
1032 4419 1237 4483 Rymer.
1641 4420 1850 4484 Rymer.

609 4498 632 4531 ⁹
654 4501 775 4560 suth,
794 4500 898 4548 sine
920 4514 1091 4556 usura,
1120 4497 1252 4562 quod
1269 4496 1441 4548 Judoei
1456 4512 1554 4561 pro
1708 4498 1747 4530 ¹⁹
1766 4498 1968 4563 penitus
1989 4495 2203 4547 omitted
2224 4496 2279 4546 in
2301 4498 2507 4563 Rymer.

544 4572 813 4645 hujusmodi
844 4577 965 4629 dono
998 4577 1079 4628 vel
1111 4576 1441 4643 iqfeodatione
1471 4577 1555 4627 de-
1707 4576 1753 4610 2⁰
1774 4585 1954 4628 terram
1979 4593 2065 4627 seu
2098 4583 2405 4628 tenementum
2425 4576 2550 4628 illud
2575 4579 2650 4642 de,

543 4659 705 4709 derint
746 4657 1063 4721 Christianis,
1115 4656 1211 4707 hac
1263 4658 1410 4708 etiam
1464 4654 1555 4705 ad-
1642 4658 1851 4723 Rymer.

542 4738 666 4798 dita,
688 4738 892 4802 Rymer.
1711 4737 1750 4770 '²¹
1779 4754 1876 4802 pro
1966 4734 2238 4803 hujusmodi
2304 4737 2632 4806 feoffamento

612 4816 652 4849 ¹⁰
675 4826 727 4867 ut
749 4818 798 4867 εἰ
824 4816 1102 4868 Christiani
1138 4816 1211 4867 illi
1244 4817 1556 4868 irtcontinenti
1646 4818 1852 4884 Bymer.

546 4898 655 4949 inde
678 4898 989 4963 mtissacoee,
1017 4899 1225 4964 Rymer.
