3450 5717
537 980 726 1046 Roget,

579 1048 700 1097 24ss1

821 781 950 843 460
1576 793 1791 842 GEs'rA
1836 793 2160 842 ABBATUM

816 982 1030 1066 recapi
1073 981 1245 1061 fecit,
1292 986 1360 1047 et
1403 1005 1510 1047 eos
1555 982 1861 1063 detinuit,
1905 987 2137 1047 contra
2179 981 2449 1046 vadium
2490 986 2559 1047 et
2607 981 2911 1068 plegium,

532 1115 725 1176 Abbot
818 1105 1154 1170 quousque
1217 1107 1327 1150 eos
1387 1086 1627 1151 iterato
1686 1107 1805 1171 per
1850 1084 2079 1150 brevia
2132 1083 2404 1149 Domini
2460 1083 2662 1171 Regis
2710 1081 2733 1120 ¹
2751 1083 2909 1149 libe-

565 1181 701 1232 A..D

511 1253 756 1299 1260-90.

817 1208 961 1250 rare
1023 1187 1194 1252 fecit.
1318 1188 1409 1253 Et
1466 1194 1710 1274 postea,
1765 1187 1872 1252 die
1938 1187 2174 1252 Martis
2227 1181 2531 1273 proxima
2593 1190 2749 1273 post
2791 1186 2912 1250 As-

817 1291 1260 1376 sumptionem
1299 1293 1521 1357 Beatae
1570 1291 1818 1370 Mariae,
1871 1290 2097 1355 eodem
2157 1310 2349 1367 ann0,
2404 1310 2521 1376 per
2562 1288 2910 1376 praedictos

816 1392 860 1456 J
865 1392 1189 1458 ohannem
1251 1399 1319 1459 et
1381 1395 1542 1460 alios
1603 1394 1794 1479 cepit,
1843 1399 1912 1459 et
1970 1414 2199 1480 capere
2257 1392 2434 1472 fecit,
2485 1392 2649 1456 duos
2710 1392 2911 1457 boves

812 1502 882 1561 et
934 1518 1133 1562 unam
1180 1519 1459 1575 vaccam,
1516 1497 1713 1583 pretii
1760 1496 2041 1584 triginta
2087 1496 2461 1575 solidorum,
2521 1499 2594 1561 et
2637 1516 2747 1560 eos
2805 1495 2912 1560 de—

810 1600 1035 1678 tinuit,
1080 1605 1309 1665 contra
1385 1601 1659 1665 vadium
1725 1603 1795 1665 et
1852 1598 2158 1685 plegium.
2266 1599 2358 1664 Et
2430 1598 2755 1680 similiter,
2805 1598 2912 1663 die

811 1702 1120 1768 Mercurii
1163 1703 1468 1788 proxima
1511 1708 1661 1789 post
1715 1703 1986 1768 Festum
2034 1701 2298 1767 Sanctae
2338 1701 2705 1778 Trinitatis,
2735 1721 2909 1766 anno

808 1806 993 1892 regni
1049 1806 1248 1893 Regis
1325 1807 1602 1873 Hemici
1648 1805 2191 1894 quinquagesimo
2254 1804 2508 1891 quint0‚
2573 1805 2760 1891 cepit,
2835 1808 2907 1869 et

807 1931 1032 1995 capere
1077 1909 1246 1987 fecit,
1292 1931 1409 1996 per
1451 1910 1796 1996 praedictos
1857 1909 1905 1974 J
1906 1909 2231 1973 ohannem
2278 1913 2347 1973 et
2397 1908 2577 1986 elice,
2620 1912 2907 1993 quatuor

808 2012 1011 2077 boves
1056 2018 1124 2078 et
1168 2016 1451 2098 quatuor
1503 2033 1720 2098 equos
1768 2012 1969 2098 pretii
2029 2016 2178 2076 octo
2240 2032 2619 2089 marcarum,
2664 2014 2728 2074 et
2792 2033 2906 2074 eos

808 2114 1113 2195 detinuit,
1160 2118 1393 2180 contra
1437 2114 1710 2179 vadium
1757 2118 1825 2178 et
1864 2113 2173 2201 plegium,
2224 2132 2565 2199 quousque
2610 2133 2725 2199 per
2765 2110 2909 2177 bre-

808 2216 920 2281 via
1004 2216 1277 2283 Domini
1372 2217 1572 2304 Regis
1647 2216 1998 2282 deliberati
2073 2215 2365 2294 fuerunt,
2439 2212 2529 2279 ad
2596 2213 2909 2279 damnum

808 2319 1250 2408 quadraginta
1293 2321 1632 2399 librarum,
1679 2326 1751 2386 et
1803 2320 1961 2385 inde
2007 2318 2313 2406 producit
2360 2323 2620 2384 sectam.

898 2427 1086 2491 Idem
1132 2427 1501 2492 Willelmus
1545 2429 1860 2513 queritur,
1896 2426 2075 2511 quod
2121 2424 2236 2490 ubi
2282 2426 2418 2511 ipse
2462 2424 2594 2489 fuit
2638 2425 2711 2489 in
2756 2446 2916 2510 paee

807 2524 1077 2590 Domini
1124 2525 1340 2611 RegiS,
1386 2525 1460 2589 in
1505 2525 1824 2613 praedicta
1868 2523 2029 2589 villa
2072 2523 2153 2588 de
2219 2523 2581 2609 Sandruge,
2630 2522 2738 2587 die
2782 2523 2917 2586 Do-

806 2626 1049 2693 minica
1109 2628 1414 2713 proxima
1494 2632 1650 2692 ante
1728 2625 2248 2692 Decollationem
2315 2624 2543 2691 Sancti
2588 2625 2636 2690 J
2638 2622 2917 2690 ohannis

806 2728 1141 2814 Baptistae,
1189 2750 1363 2793 anno
1427 2729 1729 2816 praedicti
1777 2729 1978 2816 Regis
2025 2727 2303 2794 Henrici
2370 2726 2915 2813 quinquagesimo

806 2831 1063 2915 quinte,
1125 2829 1210 2894 ad
1281 2831 1553 2895 domum
1624 2852 1810 2896 suam
1859 2832 2067 2905 venit,
2131 2835 2199 2896 et
2243 2830 2413 2896 ostia
2481 2836 2550 2895 et
2593 2829 2914 2896 fenestras

806 2922 1097 3016 ej'usdem
1145 2932 1396 3012 domus,
1465 2955 1583 3019 per
1627 2931 1997 3018 praedictos
2046 2931 2257 3019 fregit,
2308 2936 2377 2997 et
2444 2931 2622 2998 bona
2663 2932 2907 2997 ibidem

806 3032 1086 3098 inventa
1134 3033 1308 3119 cepit
1353 3039 1424 3099 et
1468 3033 1860 3120 asportavit,
1889 3033 2250 3121 praedictus
2289 3032 2533 3113 Abbas,
2581 3042 2650 3099 et
2694 3034 2907 3120 ipsum

807 3136 1000 3222 cepit,
1045 3141 1113 3201 et
1158 3158 1277 3223 per
1320 3137 1671 3222 praedictos
1714 3136 1763 3201 J
1766 3135 2093 3201 ohannem
2139 3143 2208 3201 et
2257 3133 2419 3200 alios
2463 3157 2695 3222 capere
2736 3136 2908 3213 fecit,

807 3243 876 3302 et
921 3237 1006 3303 ad
1051 3238 1440 3324 praedictum
1487 3237 1854 3303 manerium
1895 3258 2087 3302 suum
2133 3236 2214 3303 de
2251 3236 2639 3324 Sandrugge
2682 3237 2910 3324 impri-

807 3341 1087 3420 sonavit‚
1159 3346 1228 3406 et
1294 3341 1511 3428 ipsum
1575 3341 1648 3405 in
1708 3340 1971 3426 prisona
2016 3339 2322 3416 detinuit,
2368 3361 2707 3426 quousque
2749 3340 2912 3405 deli-

809 3444 1076 3510 beratus
1119 3444 1249 3509 fuit
1294 3466 1412 3530 per
1462 3444 1663 3509 breve
1704 3442 1978 3508 Domini
2029 3442 2276 3529 Regis;
2322 3441 2501 3528 quod
2545 3442 2721 3507 idem
2770 3443 2910 3508 Ab·

806 3547 925 3611 bas
969 3546 1355 3633 impetravit
1402 3544 1793 3611 Vicecomiti
1839 3544 2262 3623 Hertfordiae,
2311 3545 2488 3630 quod
2536 3543 2912 3611 Vicecomes

806 3649 878 3713 in
925 3670 1201 3734 persona
1245 3648 1509 3734 propria
1559 3648 1894 3713 accederet
1938 3647 2027 3712 ad
2072 3648 2292 3734 ipsum
2345 3646 2748 3712 Willelmum
2777 3672 2794 3726 ;
2839 3653 2912 3713 et

805 3774 925 3838 per
998 3751 1569 3837 manucaptionem
1631 3749 2062 3816 sufficientem
2127 3749 2438 3815 veniendi
2504 3770 2719 3815 coram
2768 3750 2908 3814 Do-

807 3853 987 3920 mino
1036 3853 1214 3940 Rege
1259 3853 1348 3919 ad
1391 3858 1643 3918 certum
1692 3851 1888 3931 diem,
1942 3851 2346 3917 deliberatus
2391 3850 2539 3930 fuit,
2582 3852 2669 3917 ad
2717 3852 2905 3917 dam-

807 3982 967 4025 num
1021 3965 1287 4025 centum
1339 3958 1679 4037 librarum,
1723 3966 1783 4023 et
1829 3966 2082 4041 coetera,

856 4187 1302 4255 Gont‘e'snuatio
1340 4207 1690 4274 processus
1737 4194 1796 4252 et
1840 4185 2145 4251 materioe
2178 4184 2434 4273 placiti
2468 4185 2853 4273 proenotati.

895 4356 985 4421 Et
1031 4357 1265 4422 Abbas
1331 4355 1539 4433 venit,
1592 4359 1662 4418 et
1715 4352 1879 4418 dicit
1924 4353 2099 4438 quod
2156 4352 2324 4419 bene
2388 4353 2668 4419 advocat
2733 4376 2902 4441 proe-

805 4457 1016 4524 dictas
1062 4459 1417 4544 captioneS,
1483 4478 1682 4543 super
1744 4477 1893 4520 eum
1943 4462 2181 4542 captas
2277 4456 2452 4536 Quia
2519 4455 2682 4522 dicit
2726 4457 2903 4541 quod

805 4559 978 4626 idem
1029 4560 1398 4625 Willelmus
1443 4559 1734 4625 villanus
1793 4558 1999 4645 ipsius
2067 4557 2355 4624 Abbatis
2397 4563 2516 4638 est,
2560 4565 2631 4623 et
2674 4580 2902 4626 omnes

1812 4710 1962 4719 ...β-ο.
1978 4713 2067 4719 -——

1243 4796 1254 4828 ¹
1280 4813 1359 4848 eos
1379 4797 1425 4847 is
1447 4798 1679 4862 repeated
1701 4797 1869 4849 before
1892 4797 1994 4848 this
2016 4799 2154 4849 word
2173 4797 2228 4849 in
2248 4799 2334 4850 the
2355 4799 2466 4852 MS,
2517 4826 2528 4836 ·
