3450 5717
1566 785 1571 792 1

796 796 882 860 26
1554 809 1771 862 ensi-A
1813 808 2141 860 Annum!

504 1003 738 1062 naaman,
810 995 1156 1083 probitate.
1272 996 1411 1088 Iste
1486 1019 1635 1083 quae
1706 998 2138 1084 praedecessor
2212 998 2353 1085 ejus
2428 997 2713 1066 viriliter
2786 998 2890 1064 in-

469 1068 771 1175 ethgbot.
810 1098 1040 1185 primis
1102 1102 1201 1164 est
1250 1105 1648 1186 prosecutus,
1693 1122 1830 1165 non
1872 1101 1945 1165 in
1989 1106 2254 1167 tantum
2311 1099 2563 1187 placuit
2623 1100 2766 1168 Deo
2817 1122 2895 1170 ac

462 1202 680 1281 1300011-
811 1200 1118 1286 Martyri‚
1201 1205 1281 1265 ut
1355 1201 1624 1266 domum
1695 1202 1905 1289 ipsius
1981 1202 2297 1288 Martyris
2373 1203 2733 1270 aedificaret
2825 1207 2894 1269 et

460 1270 734 1387 ξξξξᾟθ
798 1308 1301 1383 consummaret,
1333 1303 1565 1368 similis
1610 1304 1827 1370 factus
1872 1303 1896 1342 ¹
1917 1304 2154 1371 David.
2244 1305 2602 1391 Adquisita
2649 1311 2892 1384 tamen,

453 1419 556 1469 8¹1⁰
579 1404 648 1468 by
670 1402 748 1456 ¹11⁸
794 1411 931 1471 tam
977 1406 1050 1470 in
1108 1406 1437 1472 thesauris
1491 1429 1690 1494 quam
1743 1408 1816 1473 in
1869 1408 2143 1474 materie
2197 1408 2509 1486 adunata,
2560 1408 2649 1473 ad
2698 1408 2896 1474 eccle—
2941 1475 2948 1482 ,

453 1471 707 1587 {gssdoeoe'
788 1510 955 1576 siam
999 1509 1528 1587 construendum,
1576 1531 1714 1578 non
1760 1510 2067 1598 dispersit
2112 1509 2219 1575 vel
2265 1511 2683 1596 consumpsit.

455 1628 544 1678 An
567 1628 765 1706 aquient
878 1611 1084 1677 Istius
1136 1611 1423 1678 Abbatis
1468 1611 1495 1648 ²
1514 1617 1828 1700 tempore,
1873 1613 2032 1679 dum
2078 1613 2358 1679 fossores
2391 1634 2617 1682 muros
2663 1618 2735 1679 et
2783 1614 2898 1679 ab·

450 1695 668 1813 {2:252
790 1716 1089 1781 scondita
1132 1719 1329 1780 terrae
1373 1715 1791 1795 rimarentur,
1848 1714 1922 1778 in
1966 1713 2187 1779 medio
2233 1715 2534 1780 civitatis
2598 1715 2898 1801 antiquae

454 1827 540 1878 the
560 1779 729 1908 run-{-
789 1818 1127 1904 cujusdam
1171 1817 1399 1904 magni
1458 1817 1692 1904 palatii
1735 1816 2169 1883 fundamenta
2221 1816 2589 1898 diruerunt,
2630 1823 2699 1883 et
2743 1839 2895 1886 cum

455 1911 722 2027 ᾓᾮζξζ,
789 1927 1132 1989 tantorum
1162 1921 1446 2008 vestigia
1488 1919 1914 1987 aedificiorum
1959 1920 2462 1999 admirarentur,
2492 1921 2895 1990 invenerunt

460 2027 517 2078 of
532 2029 619 2079 the
635 2031 763 2080 wall.
794 2026 868 2090 in
913 2024 1256 2111 cujusdam
1316 2025 1493 2089 muri
1554 2045 1855 2106 concam,
1889 2024 2188 2111 deposito
2236 2024 2427 2110 quasi
2480 2021 2507 2061 ⁸
2531 2024 2897 2102 armariolo,

789 2150 938 2194 cum
997 2126 1393 2212 quibusdam
1453 2127 1823 2193 minoribus
1865 2127 2053 2192 libris
2112 2132 2183 2193 et
2234 2126 2491 2205 rotulis,
2554 2126 2893 2213 cujusdam

791 2229 1030 2296 codicis
1089 2229 1394 2315 ignotum
1452 2228 1782 2308 volumen,
1858 2229 2033 2315 quod
2093 2251 2329 2317 parum
2387 2228 2518 2295 fuit
2594 2251 2680 2295 ex
2754 2234 2894 2295 tam

790 2333 1094 2420 longaeva
1121 2352 1308 2397 mora
1337 2331 1742 2398 demolitum.
1834 2330 2039 2417 Cujus
2085 2353 2204 2397 nec
2244 2331 2475 2397 littera
2502 2353 2623 2398 nec
2649 2332 2899 2399 idioma

792 2435 987 2502 alicui
1026 2439 1187 2500 tunc
1235 2434 1513 2499 invento
1564 2433 1919 2521 cognitum,
1974 2455 2113 2520 prae
2154 2433 2608 2520 antiquitate„
2633 2434 2851 2501 suerat
2880 2461 2897 2517 3

794 2543 1094 2605 venustae
1154 2541 1379 2602 tamen
1438 2535 1681 2617 formae,
1745 2541 1815 2602 et
1873 2535 2241 2602 manifestae
2304 2535 2567 2615 litterae,
2633 2536 2895 2619 fuerat3

790 2663 1071 2728 quarum
1118 2640 1595 2727 epigrammata
1641 2642 1712 2704 et
1763 2637 1949 2704 tituli
2003 2638 2220 2704 aureis
2264 2638 2512 2705 litteris
2566 2638 2896 2707 fulserunt

790 2743 1096 2809 redimiti.
1186 2741 1454 2830 Asseres
1500 2741 1752 2828 querni,
1798 2740 2117 2829 ligamina
2160 2740 2380 2819 serica,
2421 2740 2774 2828 pristinam
2818 2742 2895 2808 in

792 2868 1033 2933 magna
1075 2849 1267 2931 parte
1312 2843 1773 2909 fortitudinem
1818 2849 1887 2908 et
1932 2843 2230 2910 decorem
2275 2843 2713 2912 retinuerunt.

789 3141 891 3207 De
936 3138 1147 3206 Libro
1191 3135 1553 3206 Passionis
1599 3141 1660 3201 et
1705 3132 2039 3200 Historiae
2093 3132 2336 3201 Soencti
2387 3134 2672 3215 Albani,
2716 3157 2897 3224 prae-

899 3241 1071 3310 dicto:
1113 3238 1401 3307 Abbatie
1447 3244 1754 3328 tempore,
1802 3236 1890 3303 ‘e‘sn
1933 3236 2236 3325 quodam
2280 3259 2484 3305 muro
2528 3246 2801 3326 reperto.

456 3413 583 3464 This
605 3415 741 3465 book
879 3402 982 3467 De
1041 3401 1227 3487 cujus
1285 3398 1444 3464 libri
1503 3395 1746 3461 notitia
1813 3417 1964 3460 cum
2016 3395 2304 3461 multum
2368 3396 2564 3484 longe
2623 3398 2890 3485 lateque

454 3481 729 3613 ffhgfficisby
789 3506 1006 3572 fuerat
1037 3503 1395 3590 diligenter
1432 3499 1849 3586 inquisitum,
1905 3497 2178 3563 tandem
2210 3520 2420 3564 unum
2471 3521 2712 3580 senem,
2747 3503 2890 3588 jam

454 3614 744 3692 zan-ancient
792 3608 1216 3697 decrepitum,
1278 3605 1684 3670 invenerunt
1729 3602 2154 3679 sacerdotem,
2212 3600 2457 3666 litteris
2518 3602 2685 3668 bene
2746 3625 2887 3669 eru-

454 3689 764 3798 ἓῧῗξοηυ
791 3713 1024 3791 ditum,
1079 3708 1345 3774 nomine
1387 3714 1422 3741 “
1446 3706 1829 3772 Unwonam
1855 3704 1907 3782 ;”
1957 3704 2091 3790 qui,
2137 3703 2436 3770 imbutus
2484 3706 2888 3773 diversorum

455 3814 523 3879 hy
547 3830 729 3875 name3
788 3816 1181 3881 idiomatum
1236 3809 1483 3896 linguis
1537 3830 1614 3873 ac
1659 3807 1922 3887 litteris,
1972 3806 2137 3894 legit
2186 3807 2498 3873 distincte
2542 3814 2613 3875 et
2662 3815 2887 3898 aperte

452 3882 750 3999 233⁰&ss
789 3918 1035 4005 scripta
1079 3913 1235 3979 libri
1284 3909 1769 4000 praenominati.
1861 3909 2318 3996 Similiterque
2376 3911 2451 3974 in
2508 3911 2658 3977 aliis
2709 3914 2886 3978 codi-

459 4021 544 4093 tea
566 4014 620 4093 {¹¹
645 4016 732 4066 ΟΜ
790 4020 994 4100 cibus,
1053 4017 1127 4082 in
1193 4015 1421 4083 eodem
1486 4009 1853 4089 armariolo,
1898 4017 1984 4096 [et
2043 4012 2118 4076 in
2175 4012 2434 4078 'eodem
2497 4012 2890 4099 habitaculo,

454 4081 663 4133 Bntuh.
787 4121 1080 4211 repertis,
1127 4118 1293 4207 legit
1332 4116 1814 4193 indubitanter,
1846 4118 1917 4180 et
1962 4115 2269 4202 exposuit
2315 4136 2632 4202 expresse.
2723 4117 2890 4185 Erat

789 4226 967 4292 enim
1009 4223 1240 4290 littera
1284 4220 1498 4308 qualis
1544 4217 1745 4284 scribi
1791 4216 1959 4283 solet
2005 4221 2300 4304 tempore
2331 4239 2460 4304 quo
2491 4218 2667 4284 cives
2697 4218 2887 4287 Wer-

787 4329 1242 4395 lamecestram
1290 4321 1781 4400 inhabitabant,
1834 4324 1903 4385 et
1962 4319 2209 4385 idioma
2256 4321 2677 4407 antiquorum
2737 4324 2883 4390 Bri-

854 4579 1629 4636 ¹SalomoniinMS.NeroD.i.
1676 4578 1787 4629 The
1886 4576 2009 4628 D.i.

789 4660 1612 4718 suasionistollsamviias.
1952 4654 2755 4710 ’ab-mioloinMS.NemD.i.
2851 4699 2858 4712 .

858 4749 879 4778 ²
899 4754 1102 4812 tempore
1145 4743 1349 4795 omitted
1392 4741 1447 4790 in
1485 4739 1598 4791 MS.
1649 4737 1787 4789 Nero
