3450 5717
1302 851 1656 901 APPENDIX
1706 837 1827 922 (D).
2492 844 2621 910 513
2685 834 2694 843 ’

519 1034 557 1058 “
596 1032 1037 1089 adhibuerimus
1080 1051 1386 1091 assensum
1424 1042 1486 1092 et
1526 1037 1809 1103 favorem,
1862 1044 1923 1094 et
1970 1039 2307 1096 immediate
2356 1042 2622 1113 subjecta

520 1117 557 1142 “
597 1116 676 1170 sit
716 1116 982 1173 Ecclesia
1025 1118 1224 1175 Sancti
1260 1118 1478 1174 Albani
1521 1120 1750 1176 Sanctae
1782 1122 2059 1178 Romanae
2097 1124 2398 1189 Ecclesiae,
2426 1132 2619 1198 pater·

520 1202 556 1225 “
594 1198 765 1255 nitati
807 1207 1020 1257 vestrae
1058 1201 1332 1259 duximus
1373 1209 1597 1261 attente
1637 1205 2103 1278 supplicandum,
2149 1214 2435 1281 quatenus
2483 1229 2617 1265 cum

518 1286 556 1309 “
593 1285 794 1339 nuncii
836 1290 896 1340 et
934 1292 1343 1357 procuratores
1380 1288 1525 1343 dicti
1574 1288 1766 1354 electi,
1825 1289 1900 1345 ad
1952 1291 2332 1348 obtinendum
2379 1312 2415 1348 a
2464 1294 2616 1350 Sede

516 1369 554 1392 “
592 1366 934 1437 Apostolica
970 1369 1464 1426 confirmationem
1502 1371 1674 1427 dictae
1715 1373 2036 1440 electionis,
2078 1376 2154 1431 ad
2186 1375 2426 1432 Curiam
2444 1396 2616 1434 vene-

517 1452 554 1477 “
593 1457 749 1515 runt,
814 1451 889 1507 ad
935 1455 1360 1509 assecutionem
1418 1453 1513 1510 sui
1564 1455 1854 1527 propositi
1908 1459 1972 1513 in
2025 1460 2136 1515 hac
2191 1468 2377 1533 parte,
2417 1470 2617 1519 vestra

517 1538 553 1561 ‘⁴
592 1535 871 1607 dignetur
909 1537 995 1593 eis
1036 1539 1366 1594 Paternitas
1405 1539 1625 1594 auxilio
1666 1546 1728 1596 et
1768 1540 2014 1597 consilio
2068 1544 2400 1602 subvenire.
2499 1547 2617 1603 Per

514 1622 550 1644 “
592 1638 767 1689 quam
810 1621 1251 1676 subventionem
1292 1622 1722 1695 multiplicetur
1745 1624 1914 1679 vobis
1955 1626 2148 1697 gratia
2187 1635 2406 1694 nostra,
2437 1649 2612 1702 quam

513 1704 551 1728 “
591 1720 660 1757 ex
720 1702 1085 1759 diversorum
1141 1706 1510 1773 negotiorum
1563 1708 1926 1778 promotione
1972 1727 2089 1765 non
2136 1710 2471 1769 dubitamus
2525 1715 2612 1770 eis

514 1788 550 1812 “
589 1804 693 1842 vos
735 1804 1121 1858 comparasse.
1220 1790 1394 1845 Teste
1437 1791 1584 1856 ¹me,
1630 1791 1841 1862 primo,
1883 1797 1934 1847 et
1969 1795 2218 1850 coetera?

671 1964 837 2035 After
878 1969 1004 2021 “et
1043 1966 1239 2021 anima
1279 1967 1455 2032 una?
1488 1968 1635 2041 passe
1670 1970 1798 2035 309,
1842 1971 1956 2026 line
1999 1972 2070 2027 30
2095 1972 2236 2042 (soz.
2262 1974 2433 2046 eea.)

574 2096 654 2151 Et
691 2100 759 2151 ut
797 2096 1099 2153 audientes
1158 2115 1276 2153 non
1327 2098 1525 2164 lateat,
1591 2101 1719 2156 baec
1778 2107 1871 2157 est
1928 2103 2292 2160 consuetudo
2348 2105 2605 2178 eligendi

503 2179 794 2235 Abbatem
831 2181 895 2235 in
934 2181 1198 2237 Ecclesia
1241 2181 1439 2239 Sancti
1477 2183 1788 2239 Albani.—

648 2362 1000 2418 G'onsuetudo
1035 2363 1102 2418 ‘bn
1136 2364 1396 2419 Ecclesia
1430 2364 1631 2422 Sancti
1664 2365 1881 2420 Albam·
1911 2365 2158 2437 eliyendi
2180 2366 2459 2423 Abbatem.

574 2493 969 2557 confessores,
1012 2494 1255 2562 scilicet,
1301 2502 1423 2551 tres
1465 2496 1562 2552 vel
1626 2503 1897 2569 quatuor,
1952 2496 2238 2569 jubentur
2314 2498 2600 2566 districte,

501 2577 565 2632 in
599 2578 819 2634 virtute
865 2577 1121 2651 Spiritus
1168 2579 1383 2644 Sancti,
1426 2586 1628 2652 utpote
1670 2581 1774 2652 qui
1811 2582 2115 2652 cognoscit
2151 2582 2327 2638 corda
2351 2589 2412 2639 et
2432 2602 2604 2641 renes

502 2662 888 2734 singulorum,
945 2669 1013 2718 ut
1071 2664 1186 2735 ipsi
1244 2664 1469 2735 eligant
1524 2664 1833 2720 duodecim
1891 2665 1964 2720 de
2027 2664 2333 2722 Conventa
2390 2667 2602 2724 fratres

504 2748 739 2812 electos,
809 2747 1010 2804 fideles
1065 2754 1127 2803 et
1184 2749 1426 2820 peritos,
1491 2755 1559 2804 ut
1630 2749 1748 2819 ipsi
1800 2749 1896 2804 vel
1959 2749 2032 2804 de
2086 2749 2320 2822 seipsis,
2378 2752 2474 2806 vel
2528 2753 2601 2807 de

501 2832 628 2902 ipso
672 2830 974 2887 Conventu
1012 2833 1293 2897 ecclesiae,
1340 2833 1435 2888 vel
1479 2832 1552 2887 de
1593 2830 1795 2897 Callis,
1841 2851 2026 2888 unum
2066 2832 2340 2889 idoneum
2376 2835 2603 2905 eligant

500 2916 564 2969 in
600 2915 910 2970 Abbatem.
968 2918 1007 2943 “
1036 2915 1124 2971 De
1169 2916 1379 2986 ipsis‚”
1406 2916 1667 2988 inquam,
1711 2916 1853 2987 quia
1890 2916 1976 2972 sic
2018 2934 2135 2973 non
2176 2925 2605 2976 consueverunt

501 2998 864 3071 antiquitus;
921 2999 1118 3064 immo,
1147 3000 1220 3055 de
1258 3000 1390 3057 aliis
1434 3018 1610 3072 quam
1650 2999 1881 3071 seipsis,
1929 3000 2087 3071 quod
2121 3002 2441 3058 absurdum
2464 3004 2598 3069 fuit,

501 3089 562 3139 et
602 3083 902 3139 dissonum
939 3084 1172 3140 rationi.
1271 3085 1350 3140 Et
1406 3085 1466 3138 in
1524 3084 1633 3139 hoc
1686 3084 1915 3139 variata
1952 3089 2046 3140 est
2083 3085 2325 3156 antiqua
2363 3105 2602 3143 consue-

497 3166 659 3232 tud0,
704 3172 765 3222 et
800 3166 862 3221 in
900 3168 1112 3223 melius
1154 3174 1526 3223 commutata.

557 3250 642 3305 Ut
698 3255 897 3305 autem
952 3250 1179 3315 electio,
1223 3255 1284 3305 et
1338 3250 1502 3305 labor
1557 3256 1735 3305 tantae
1789 3250 2227 3307 deliberationis
2267 3270 2444 3324 super
2490 3255 2601 3310 hoc

497 3333 736 3405 negotio
775 3333 1108 3389 nullatenus
1149 3333 1355 3389 irritus
1395 3333 1697 3397 habeatur,
1755 3342 1817 3389 et
1863 3333 2074 3399 inanis,
2117 3334 2344 3392 litteras
2387 3336 2602 3394 habent

500 3418 571 3472 de
620 3416 924 3474 Conventu
975 3434 1152 3490 penes
1212 3435 1275 3474 se
1328 3416 1527 3490 sigillo
1581 3416 1915 3472 Conventus
1968 3417 2289 3493 roboratas,
2349 3426 2418 3476 ut
2471 3421 2599 3493 ipse

501 3502 835 3557 Conventus
887 3501 1059 3557 illum
1120 3519 1296 3573 quem
1349 3500 1467 3573 ipsi
1525 3499 1838 3556 duodecim
1897 3500 2120 3573 eligent
2169 3503 2231 3558 in
2284 3502 2594 3573 Abbatem,

501 3586 626 3642 sine
685 3586 1141 3643 contradictione
1196 3591 1301 3641 aut
1349 3585 1710 3651 difficultate,
1769 3586 2126 3642 unanimiter
2179 3589 2244 3643 in
2301 3594 2598 3661 pastorem

499 3671 521 3702 ³
537 3670 836 3743 suscipiat,
879 3676 941 3726 et
982 3676 1304 3741 gratanter.
1402 3669 1572 3724 Unde
1612 3670 1797 3725 series
1838 3671 2082 3741 negotii,
2116 3670 2218 3727 ,sic
2262 3681 2592 3746 prosecuta,

498 3773 535 3809 a
574 3754 816 3811 Summo
858 3754 1161 3820 Pontifice‚
1206 3760 1274 3809 ut
1316 3758 1661 3825 praetactum
1703 3759 1813 3818 est,
1857 3754 2052 3825 palam
2089 3773 2288 3812 coram
2328 3759 2596 3815 omnibus

497 3845 589 3894 est
624 3838 1044 3904 commendata,
1073 3844 1151 3904 et,
1196 3840 1352 3895 facta
1388 3837 1829 3903 examinatione,
1871 3838 2217 3896 auctoritate
2256 3838 2598 3912 Apostolica

498 3923 659 3978 illico
699 3922 1055 3980 confirmata.

567 4006 985 4071 Veruntamen,
1029 4007 1170 4078 quia
1210 4007 1283 4061 de
1325 4023 1574 4077 persona
1609 4007 1782 4062 electi
1824 4006 2074 4064 Domino
2113 4008 2292 4081 Papae
2322 4027 2437 4064 non
2461 4028 2594 4066 con-

496 4091 705 4156 stabat,
747 4090 911 4146 dedit
965 4092 1028 4146 in
1043 4090 1355 4146 mandatis
1405 4090 1649 4162 Elyensi
1705 4095 1768 4146 et
1821 4091 2211 4149 Londoniensi
2262 4092 2589 4166 Episcopis‚

497 4182 564 4230 ut
623 4175 735 4230 rite
799 4175 953 4230 facta
1024 4174 1444 4231 examinatione
1501 4191 1572 4229 ex
1622 4192 1872 4247 persona
1923 4175 2119 4241 electi,
2187 4175 2453 4242 eundem,
2529 4178 2592 4234 in

496 4260 788 4315 Abbatem
832 4259 1257 4324 confirmatum,
1313 4257 1744 4325 benedicerent,
1803 4260 1974 4332 plene
2052 4259 2114 4314 in
2188 4278 2419 4316 omnem
2469 4267 2590 4318 tam

494 4343 891 4414 spiritualium
930 4361 1105 4414 quam
1142 4342 1554 4415 temporalium
1596 4342 2158 4400 administrationem
2193 4344 2587 4403 instituentes.

565 4613 576 4645 ¹
601 4613 781 4678 meipso
806 4613 866 4662 in
888 4612 1077 4664 Wats's
1101 4619 1223 4663 text.
1263 4632 1268 4639 ·
1586 4617 1617 4642 “
1637 4613 1902 4679 injunctum
1935 4620 2009 4664 est
2042 4613 2238 4680 ἔρξαι-ξ’
2260 4631 2307 4679 p.
2332 4621 2431 4667 308
2453 4625 2586 4680 ante,

558 4694 578 4724 ²⁸
602 4691 713 4742 The
735 4698 943 4742 context
970 4693 1036 4743 of
1056 4692 1170 4744 MS.
1193 4692 1330 4743 Nero
1361 4693 1427 4742 D.
1451 4693 1486 4742 i.
1589 4693 1696 4743 line
1727 4698 1803 4743 12.

488 4774 534 4824 is
557 4772 828 4823 continued
844 4771 963 4823 here
984 4772 1109 4823 with
1132 4772 1216 4824 the
1239 4773 1488 4831 words,--
1643 4772 1666 4805 ³
1687 4773 1952 4837 mcipient
1972 4771 2026 4822 in
2048 4771 2161 4824 MS.

2176 4875 2309 4924 KK
