3450 5717
1005 804 1455 882 'MONASTERH
1499 792 1743 882 sutori
1789 794 2057 879 mm.
2465 810 2593 879 475

543 1051 549 1061 ¹
587 1018 780 1102 Item,
829 1021 1126 1087 chartam
1180 1019 1524 1089 Eustachii
1574 1020 1657 1086 (16
1704 1020 1772 1085 la
1809 1018 2063 1085 Rokele
2108 1018 2189 1083 de
2234 1036 2366 1082 uno
2413 1020 2598 1081 tene·
2626 1028 2909 1079 Tenement

503 1128 726 1188 mento
769 1123 844 1188 in
892 1124 1209 1192 Barneth.
2629 1104 2683 1146 at
2703 1096 2909 1146 Barnet.

589 1225 781 1305 Item,
834 1227 1621 1314 quietam-clamationem
1668 1226 1957 1294 Galfridi
2018 1225 2100 1292 (16
2163 1223 2604 1308 Querendone
2632 1222 2800 1275 Grove
2815 1225 2874 1274 οἱ

504 1329 586 1395 (16
615 1332 899 1416 quadam
945 1355 1153 1420 grava
1198 1354 1346 1419 quae
1388 1336 1667 1398 vocatur
1713 1339 1749 1365 “
1774 1327 2253 1418 Horsegrave.”
2630 1292 2820 1424 ἓξὲξ·

593 1433 785 1514 Item,
819 1436 1214 1523 perquisivit
1245 1437 1327 1502 de
1356 1435 1587 1501 Fratre
1616 1434 1664 1500 J
1665 1433 1866 1521 oseph
1896 1433 1980 1499 de
2013 1433 2348 1519 Ohauncy,
2380 1431 2607 1498 Priore
2633 1440 2805 1491 Grove
2825 1444 2880 1489 at

507 1535 876 1625 Hospitalis
907 1539 1266 1606 Ierusalem
1309 1540 1384 1603 in
1424 1537 1688 1626 Anglia,
1718 1558 1924 1603 unam
1953 1558 2232 1625 gravam
2278 1557 2428 1622 quae
2474 1533 2608 1600 fuit
2633 1507 2837 1558 Barnet.

512 1639 786 1706 Henrici
838 1641 1131 1722 Frowik,
1175 1642 1250 1707 in
1294 1642 1563 1709 Barnet.

597 1744 791 1826 Item,
861 1745 1223 1832 adquisivit
1298 1745 1382 1811 de
1456 1744 1786 1826 Ysabella,
1862 1743 2091 1811 relicta
2176 1741 2454 1810 Henrici
2530 1740 2611 1808 de
2638 1736 2810 1815 Gfffi'?
2836 1731 2895 1785 of

511 1846 798 1931 Frowik,
832 1848 1183 1936 quamdam
1229 1870 1503 1937 gravam
1545 1849 1619 1914 in
1664 1848 1791 1914 Est
1835 1847 2102 1927 Bai-net,
2147 1868 2295 1934 quse
2339 1851 2613 1914 vocatur
2636 1803 2943 1936 {rugqinges-

513 1957 549 1987 “
593 1950 1230 2040 Sunningesgrave.”
2772 1961 2795 1985 '¹

600 2054 792 2133 Item,
860 2056 1157 2121 obtinuit
1209 2054 1504 2122 chartam
1564 2053 1841 2121 Henrici
1910 2054 2278 2141 Cortoneys
2339 2053 2422 2122 (16
2467 2058 2615 2121 ooto
2638 2071 2821 2126 Rental

512 2159 871 2224 denariatis
902 2162 972 2224 et
1017 2158 1280 2225 obolato
1323 2159 1622 2224 redditus
1668 2158 1873 2224 annui
1919 2158 2000 2225 de
2044 2181 2181 2224 una
2226 2180 2374 2224 aera
2402 2163 2614 2238 terrae,
2637 2142 2955 2263 ggssoflgmsf

513 2284 663 2349 quae
728 2262 908 2347 jacet
968 2262 1041 2326 in
1085 2262 1508 2349 longitudine
1558 2262 1765 2350 juxta
1824 2262 2005 2329 viam
2068 2285 2217 2350 quae
2287 2260 2471 2329 ducit
2533 2263 2615 2328 de
2798 2225 2832 2261 n
2862 2223 2896 2275 y

513 2365 946 2451 Tydolnestre
990 2387 1218 2432 versus
1262 2388 1494 2432 nemus
1539 2365 1622 2431 de
1666 2366 1968 2435 Borham,

604 2468 797 2548 Item,
825 2469 1192 2556 adquisivit
1236 2469 1318 2535 de
1351 2469 1661 2557 Philippo
1708 2469 2090 2557 Greymulle
2119 2492 2322 2537 unam
2365 2471 2624 2559 peciam,
2642 2489 2785 2541 Laud
2807 2495 2860 2541 at

515 2575 727 2651 terrae,
776 2594 933 2638 cum
978 2572 1284 2639 omnibus
1337 2573 1471 2638 suis
1515 2574 1952 2660 pertinentiis,
2005 2574 2081 2639 in
2132 2574 2554 2642 Baoheworth
2564 2597 2616 2656 e,
2640 2556 2849 2677 gssffffg·

518 2697 668 2763 quae
689 2752 698 2764 Ι
721 2676 905 2762 jacet
964 2676 1037 2743 in
1098 2698 1327 2764 campo
1387 2675 1503 2763 qui
1567 2682 1844 2744 vocatur
1909 2685 1945 2715 “
1970 2677 2363 2759 Holmfeld,'’
2417 2679 2621 2767 juxta

519 2802 795 2868 gravam
843 2778 864 2816 ¹
889 2801 1043 2866 quse
1088 2786 1368 2846 vocatur
1416 2786 1453 2815 ‘⁶
1477 2780 1936 2868 Holmgrave.”

611 2883 803 2962 Item,
874 2881 901 2920 ²
922 2884 1087 2949 emit
1146 2883 1231 2949 de
1291 2882 1572 2949 Rioardo
1621 2883 1704 2950 de
1758 2884 2045 2952 Pinnore
2088 2886 2160 2951 in
2222 2882 2249 2924 ⁸
2272 2884 2622 2952 hamelleto
2646 2895 2963 2963 Aequisition

523 2988 639 3074 qui
679 2991 956 3053 vocatur
1004 2994 1038 3022 ‘⁶
1061 2986 1536 3053 Baeheworthe
1555 2986 1589 3013 '²
1861 3039 1879 3060 .
2646 2964 2914 3084 &offinge-

611 3090 808 3173 Item,
837 3090 1134 3158 obtinuit
1164 3089 1944 3177 quietam-clamationem
1975 3091 2243 3161 Thomae
2262 3093 2369 3160 ’(16
2399 3093 2624 3181 Sysse-
2647 3070 2908 3165 Rental‘in

524 3218 727 3263 verne
771 3197 854 3262 de
898 3196 1180 3284 triginta
1245 3196 1607 3264 denariatis
1671 3198 1883 3263 annui
1923 3199 2222 3265 redditus
2282 3198 2355 3266 in
2424 3198 2626 3266 cudi·
2650 3179 2914 3233 C⁰d²⁰⁰‘²·

528 3302 685 3367 cote.

616 3405 805 3485 Item,
867 3403 1232 3493 adquisivit
1295 3402 1377 3472 de
1424 3404 1678 3473 Thoma
1722 3406 2087 3495 Attewyke
2133 3413 2418 3495 quatuor
2478 3408 2628 3476 soli·
2651 3422 2836 3474 Renml
2857 3420 2909 3473 in

527 3507 722 3597 datus
764 3510 972 3575 annui
1014 3510 1313 3577 redditus
1355 3511 1430 3576 in
1472 3511 1637 3577 villa
1679 3512 1762 3578 de
1810 3512 2157 3580 Oodikote.
2654 3491 2917 3544 Codecote.

616 3613 807 3694 Item,
861 3613 1229 3701 adquisivit
1274 3614 1357 3680 de
1399 3614 1651 3680 Thoma
1694 3615 1935 3682 Atwik
1979 3634 2193 3682 unum
2263 3620 2333 3683 et
2378 3614 2628 3705 viginti
2652 3618 2831 3669 Rental
2848 3617 2901 3667 in

530 3718 909 3783 denariatus
954 3718 1163 3783 annui
1204 3716 1502 3783 redditus
1544 3718 1620 3783 in
1665 3718 2003 3789 eodeeooe.
2653 3685 2916 3739 codeoote.

619 3821 810 3901 Item,
869 3821 1234 3908 adquisivit
1296 3820 1593 3887 chartam
1653 3823 1944 3890 Andreae
1997 3822 2126 3889 filii
2185 3819 2626 3913 Engerammi,
2654 3825 2929 3878 Tenement

529 3925 895 3992 marescalli
940 3925 1022 3990 de
1067 3924 1312 3992 Sancto
1341 3924 1617 4005 Albane,
1664 3926 1749 3992 de
1795 3927 2083 4015 quodam
2127 3932 2511 3997 tenemento
2553 3929 2628 3994 in
2652 3894 2888 4015 {212³de

535 4030 872 4097 Codeoote.

621 4133 814 4213 Item,
886 4129 1180 4199 obtinuit
1244 4129 1276 4173 ⁴
1296 4131 2088 4221 quietam-clamationem
2149 4128 2197 4202 J
2198 4135 2477 4203 ohannis
2545 4135 2628 4203 (16
2650 4137 2820 4197 Iaands
2840 4140 2897 4195 in

532 4236 599 4304 la
643 4238 878 4317 Grave,
922 4241 993 4305 et
1023 4236 1419 4318 Petronillae,
1464 4239 1690 4305 uxoris
1735 4260 1894 4320 suae,
1944 4239 2027 4306 de
2072 4244 2219 4307 toto
2256 4241 2407 4327 jure
2452 4241 2627 4329 quod
2652 4207 2940 4344 mcfflssge‘y'g

534 4338 561 4377 ⁶
579 4341 953 4409 habuerunt
1014 4341 1091 4407 in
1142 4341 1446 4408 omnibus
1495 4343 1692 4409 terris
1745 4366 1893 4430 quae
1960 4344 2235 4411 fuerunt
2301 4346 2629 4432 quondam
2655 4347 2756 4467 2:¹13
2774 4346 2975 4465 3¹23&

603 4599 621 4634 ¹
646 4619 753 4669 quoe
775 4601 829 4653 in
849 4602 962 4655 MS.
1706 4602 1729 4637 ⁸
1751 4595 1925 4657 humil?
1939 4604 1993 4656 iu
2013 4608 2125 4661 MS.

604 4682 626 4713 2
647 4683 773 4734 This
822 4698 1032 4749 passage
1064 4681 1110 4735 is
1146 4680 1404 4749 evidently
1439 4681 1536 4739 im·
1707 4685 1727 4713 ⁴
1748 4693 1939 4749 quetam
1961 4686 2017 4736 in
2039 4688 2158 4740 MS,

537 4761 741 4827 perfect.
1705 4765 1727 4833 ⁵.
1750 4764 1961 4819 laverunt
1979 4767 2034 4819 in
2056 4769 2170 4823 MS.
