3450 5717
417 1136 576 1201 John,
591 1144 706 1190 2lst

467 1204 658 1266 Abbot,

489 1271 557 1322 A.
565 1274 626 1324 D.

743 806 876 869 224
1501 822 1715 873 essu
1760 822 2092 874 Ansam

1068 1114 1166 1180 De
1210 1113 1568 1182 wem-abili
1610 1121 1824 1182 morte
1877 1113 2202 1182 willemi
2245 1112 2507 1199 Piyun.

833 1260 1135 1350 Contigit
1165 1264 1341 1328 enim
1371 1285 1506 1328 una
1535 1263 1851 1341 noctium,
1882 1265 1959 1327 ut
2001 1261 2181 1327 idem
2223 1259 2464 1326 flebilis
2507 1257 2843 1324 memoriae

405 1342 714 1390 ¹¹⁹⁵‘¹²¹⁴·
741 1363 1111 1430 Willelmus
1139 1387 1335 1451 super
1379 1365 1580 1430 sedile
1623 1364 1700 1429 in
1745 1365 2084 1430 secretiori
2128 1361 2532 1441 dormitorio,
2563 1360 2842 1426 Matuti-

399 1471 510 1523 'l'he
529 1473 645 1523 hor·
736 1488 973 1532 narum
1003 1467 1263 1546 oblitus,
1292 1468 1565 1545 sederet,
1593 1466 1837 1533 referto
1867 1471 2122 1547 ventre,
2152 1465 2421 1552 potibus
2461 1463 2843 1539 inebriatus,

397 1538 528 1589 rible
550 1540 698 1591 death

397 1605 457 1655 or
480 1605 682 1670 Hm,
739 1574 808 1635 et
852 1569 1111 1636 cibariis
1161 1571 1627 1657 ingurgitatus,
1722 1569 2056 1635 Inclinato
2103 1569 2319 1656 eapite
2365 1567 2591 1654 igitur,
2640 1566 2843 1652 ooepit

396 1671 546 1722 while
567 1674 623 1723 in
644 1689 675 1724 a
738 1671 1111 1752 dormitare,
1143 1677 1213 1737 et
1253 1671 1670 1738 dormitando
1715 1672 2001 1758 strepitu
2045 1676 2323 1737 stertere
2351 1669 2657 1756 ,taediosa
2748 1667 2838 1733 Et

394 1744 523 1788 state
543 1740 606 1789 of

393 1806 646 1857 men,
734 1774 829 1839 sic
873 1774 954 1839 de
998 1774 1320 1840 ebrietate
1364 1774 1438 1838 in
1481 1795 1798 1860 soporem,
1826 1773 1909 1839 de
1961 1794 2190 1859 sopore
2232 1772 2306 1837 in
2349 1778 2632 1837 mortem
2660 1770 2837 1836 subi-

393 1886 518 1925 1:888.

731 1880 892 1954 tam,
920 1875 1254 1963 gradatim
1281 1876 1784 1962 transmigravit
1811 1900 1828 1956 ;
1871 1874 2043 1941 forte
2071 1874 2313 1963 frigore
2343 1878 2694 1962 correptae,
2722 1873 2838 1938 sed

733 1980 970 2066 potius,
1008 1983 1088 2044 ut
1133 1978 1309 2044 credi
1355 1981 1590 2065 potest,
1636 1978 1866 2043 divina
1910 1999 2251 2065 percussus
2295 1976 2565 2042 ultione.
2656 1975 2834 2041 Nam

732 2103 879 2147 cum
932 2085 1242 2148 cessasset
1286 2102 1407 2168 per
1457 2081 1792 2146 tracheam
1839 2080 2219 2146 ebulliendo
2263 2085 2689 2167 perstrepere,
2720 2101 2837 2143 au-

732 2183 880 2250 dita
926 2188 1030 2250 est
1074 2184 1147 2248 in
1175 2183 1409 2264 cloaca,
1437 2183 1558 2248 ubi
1608 2183 1895 2249 moriens
1940 2183 2231 2264 sedebat,
2262 2182 2405 2248 haec
2443 2204 2580 2248 vox
2624 2182 2835 2246 mani-

730 2284 904 2352 feste
984 2285 1407 2366 reboare,—“
1440 2285 1636 2373 Cape,
1689 2285 1964 2364 Sathan,
2011 2307 2187 2373 cape,
2233 2284 2492 2351 Sathan
2521 2284 2593 2366 ;'’
2657 2285 2833 2371 quod

730 2387 1079 2454 manifeste
1110 2388 1483 2466 audierunt,
1518 2387 1635 2475 qui
1662 2392 1824 2453 tunc
1852 2387 1926 2452 in
1957 2386 2345 2453 dormitorio
2374 2387 2610 2452 fratres
2640 2392 2835 2452 extra

726 2490 998 2556 chorum
1047 2489 1130 2555 ob
1175 2511 1438 2556 causam
1481 2494 1955 2557 remanserunt.
2051 2489 2161 2555 Sic
2204 2489 2420 2576 igitur
2457 2489 2655 2554 miser
2699 2488 2831 2570 ille,

725 2591 924 2657 simul
964 2614 1111 2658 cum
1155 2595 1453 2669 stercore,
1490 2591 1782 2656 animam
1822 2591 2110 2680 turpiter
2153 2589 2183 2627 ⁹
2204 2590 2461 2678 egessit.
2550 2590 2643 2657 Et
2683 2613 2832 2657 cum

726 2694 1182 2759 exanimatum
1227 2693 1506 2758 cadaver
1548 2693 1623 2758 in
1665 2694 1975 2775 crastinO,
2019 2694 2325 2760 omnibus
2369 2693 2827 2773 abominabile,

725 2795 817 2861 sie
886 2795 1319 2874 inveniretur,
1365 2795 1484 2860 vix
1543 2817 1810 2882 passum
1869 2801 1972 2862 est
2034 2795 2430 2862 Christianae
2475 2795 2830 2883 sepulturae

726 2895 754 2934 ⁸
770 2896 1229 2964 commendari.
1328 2895 1547 2962 Multa
1576 2903 1804 2963 tamen
1848 2897 2105 2979 stati-es,
2138 2903 2219 2963 ut
2269 2898 2600 2964 vitaretur
2644 2919 2828 2963 scan-

728 2999 971 3080 dalum,
1030 2999 1115 3064 ob
1175 2999 1617 3065 reverentiam
1679 2999 1934 3066 ordinis
1993 3005 2064 3067 et
2122 3000 2411 3079 habitus,
2472 2999 2832 3087 prudenter

726 3100 1244 3168 dissimulabant.

383 3203 705 3256 Preeanfiom
818 3202 1089 3269 Extunc
1132 3203 1343 3291 igitur
1394 3203 1724 3291 sapienter
1760 3163 2215 3270 ‘constitutum
2260 3209 2364 3270 est
2407 3204 2581 3292 apud
2626 3204 2828 3273 Sane-

387 3271 539 3322 tnken
561 3271 640 3323 for

387 3338 475 3388 the
498 3339 596 3390 due

728 3310 876 3372 tum
927 3306 1283 3386 Albanum,
1334 3310 1412 3371 ut
1458 3306 1749 3394 sigillum
1810 3307 2107 3389 ecclesiae‚
2155 3308 2279 3375 sub
2347 3308 2642 3375 clavibus
2684 3310 2826 3397 plu-

386 3406 600 3472 custod,-
621 3404 679 3456 of
729 3409 933 3489 ribus,
993 3431 1035 3473 a
1095 3409 1393 3496 pluribus
1452 3407 1771 3476 fratribus
1840 3408 2223 3488 senioribus,
2269 3411 2378 3476 vel
2436 3412 2824 3490 sanioribus,

295 3545 302 3551 -
383 3470 689 3590 arv

729 3510 1151 3591 custoditum,
1213 3513 1285 3577 in
1347 3511 1734 3598 Capitulum
1808 3511 2200 3599 proferatur,
2259 3514 2825 3601 quotienscunque

726 3613 972 3701 scripta
1049 3613 1206 3680 inde
1278 3613 1504 3700 aliqua
1570 3613 2023 3701 consignanda
2094 3613 2397 3694 ‘fuerint,
2458 3622 2538 3682 ut
2604 3637 2822 3682 coram

726 3713 1032 3782 omnibus
1084 3720 1154 3781 et
1211 3715 1596 3803 proferatur,
1649 3721 1718 3782 et
1777 3715 1936 3781 inde
1996 3716 2330 3804 sigilletur
2343 3743 2361 3799 ;
2422 3725 2492 3784 et
2550 3718 2625 3783 in
2680 3718 2822 3784 loco

722 3841 860 3899 suo,
892 3818 1184 3905 (scilicet,
1205 3817 1366 3883 forti
1411 3816 1706 3905 serinio‚)
1729 3840 1733 3845 ·
1753 3823 2129 3906 reponatur,
2162 3823 2232 3886 et
2259 3821 2477 3908 ipsum
2511 3820 2819 3887 scrinium

722 3921 795 3985 in
834 3922 978 3987 loco
1023 3919 1356 3987 tutissimo
1399 3927 1790 3987 reservetur.

809 4024 975 4090 Haec
1016 4022 1256 4088 idcirco
1301 4021 1602 4100 dixerim,
1647 4022 1909 4109 scriptis
1965 4023 2427 4089 commendans
2482 4025 2823 4092 immorta-

718 4126 912 4207 libus,
962 4130 1036 4194 ut
1080 4124 1448 4190 innotescat
1496 4123 1805 4189 omnibus
1856 4129 2110 4210 quanta
2152 4147 2367 4213 poena,
2411 4128 2722 4213 praesenti
2751 4134 2822 4195 et

719 4227 959 4308 futura,
1017 4224 1410 4315 percellendi
1484 4230 1643 4291 sunt
1716 4225 2096 4314 reipublicae
2168 4227 2243 4292 in
2317 4227 2608 4295 Ecclesia
2678 4235 2818 4295 tam

720 4331 928 4396 ardua
971 4329 1215 4395 damna
1257 4327 1711 4396 fraudulenter
1754 4328 2225 4397 machinantes.

783 4630 804 4663 ¹
837 4630 1037 4683 roboare
1059 4630 1116 4682 in
1138 4630 1252 4683 MS.
1278 4630 1517 4683 Claudius
1544 4630 1606 4683 E.
1630 4630 1718 4692 iv„
1810 4639 1884 4682 set
1904 4632 1961 4683 in
1981 4633 2168 4685 Wats’s
2188 4638 2311 4685 text.

714 4714 787 4778 by
804 4712 1171 4763 inadvertenee.
1877 4713 1898 4743 ⁸
1919 4711 2246 4763 commendare
2268 4714 2321 4763 in
2344 4713 2535 4766 Wats’s
2556 4722 2680 4766 text.

781 4789 1720 4857 229aatmms.nmn.r;eqea-
1879 4791 2547 4857 ⁴fimmeinwm’atext„
