3450 5717
1277 834 1639 890 APPEme
1690 824 1812 911 (n).
2468 816 2595 885 519

572 1027 611 1051 ‘⁶
647 1022 1157 1081 Excellentissimo
1181 1023 1452 1092 Domino,
1479 1024 1740 1082 Hem-ico
1764 1023 1983 1090 Tertio,
2002 1022 2115 1078 Dei
2140 1021 2353 1094 gratia,
2380 1021 2603 1077 illustri

517 1108 554 1133 “
593 1107 749 1179 Regi
787 1107 1041 1179 Anglioe,
1094 1113 1147 1165 et
1191 1114 1405 1175 coetera,
1455 1106 1715 1180 H[ugo],
1770 1108 1970 1165 divina
2025 1105 2417 1170 miseratione,
2463 1106 2603 1176 Ely-

503 1194 540 1218 “
581 1193 739 1248 ensis
773 1192 1120 1265 Episcopus,
1149 1193 1416 1260 salutem,
1442 1193 1852 1258 reverentiam,
1893 1197 1954 1249 et
1986 1191 2281 1247 honorem.
2354 1189 2606 1245 Noverit

501 1278 541 1302 “
578 1276 941 1333 Excellentia
972 1284 1190 1344 vestra,
1254 1296 1378 1344 nos,
1428 1279 1597 1350 juxta
1648 1276 1898 1334 formam
1952 1276 2214 1332 mandati
2247 1273 2600 1348 Apostolici,

502 1363 518 1388 ‘
532 1361 546 1385 ‘
583 1360 931 1418 electionem
967 1362 1038 1418 de
1074 1363 1285 1421 Fratre
1322 1363 1363 1418 J
1364 1363 1586 1419 ohanne
1623 1362 1697 1418 de
1732 1361 2019 1419 Hertford
2052 1361 2118 1417 in
2150 1361 2441 1417 Abbatem
2478 1358 2605 1414 Mo-

505 1446 542 1471 “
579 1445 824 1501 nasterii
879 1445 1080 1503 Sancti
1149 1446 1384 1513 Albani,
1460 1447 1736 1503 canonice
1808 1446 2182 1512 celebratam,
2244 1444 2605 1501 auctoritate

503 1532 540 1557 “
578 1527 921 1603 Apostolica
955 1532 1348 1589 confirmasse.
1423 1531 1711 1601 Quocirca
1743 1530 2182 1587 Excellentiam
2220 1539 2481 1586 vestram
2514 1542 2608 1583 ro-

503 1616 541 1641 “
580 1633 809 1686 gamus,
863 1616 1038 1687 quod,
1095 1618 1169 1672 ob
1237 1616 1631 1673 reverentiam
1704 1614 1875 1673 Sedis
1934 1613 2308 1687 Apostolicae,
2384 1613 2608 1669 dictum
2660 1656 2663 1657 ν

503 1699 541 1724 “
579 1698 834 1755 electum
882 1699 1162 1755 habentes
1234 1700 1727 1766 commendatum,
1804 1699 2375 1757 administrationem
2434 1696 2608 1752 dictae

502 1784 540 1808 “
577 1782 846 1838 Abbatiae
871 1783 1065 1838 eidem
1101 1784 1503 1842 committatis.
1577 1784 1794 1843 Valeat
1826 1782 2193 1841 Excellentia
2226 1786 2426 1840 vestra
2460 1797 2609 1838 sem-

504 1868 544 1893 “
581 1885 687 1938 per
722 1867 785 1921 in
820 1867 1134 1925 Domino-’⁹

572 1949 826 2022 Scripsit
857 1951 1117 2023 insuper,
1157 1951 1409 2008 Domino
1444 1951 1613 2023 Rege
1667 1956 2026 2023 acceptante,
2082 1955 2144 2007 et
2188 1948 2386 2024 palam
2420 1944 2613 2021 publi-

499 2036 673 2103 cavit,
713 2035 977 2092 chartam
1010 2036 1188 2093 istam
1224 2035 1777 2093 confirmationis.-—

1188 2169 1402 2227 Charta
1449 2169 1924 2241 Consta-metionis.

577 2280 615 2305 “
653 2275 937 2334 Omnibus
988 2278 1211 2335 Christi
1271 2279 1542 2336 fidelibus
1596 2280 1828 2336 litteras
1901 2279 2009 2335 has
2081 2278 2440 2350 inspecturis
2512 2276 2609 2333 vel

505 2365 543 2389 “
581 2362 890 2429 audituris,
920 2361 1180 2436 H[ugo],
1209 2363 1323 2419 Dei
1354 2365 1568 2437 gratia,
1594 2365 1870 2438 Elyensis
1894 2364 2244 2436 Episcopus,
2274 2364 2526 2419 salutem
2550 2362 2612 2417 in

509 2448 548 2473 ‘⁶
586 2446 837 2503 Domino
874 2449 1309 2519 sempiternam.
1380 2449 1686 2506 Noveritis
1741 2448 1898 2521 quod
1935 2466 2072 2504 cum
2107 2447 2275 2503 nobis
2327 2453 2389 2503 et
2439 2462 2613 2502 vene-

510 2533 548 2557 “
584 2531 762 2586 rabili
798 2532 968 2588 fratri
990 2536 1208 2599 nosti-0,
1249 2530 1642 2591 Londoniensi
1690 2530 2003 2605 Episcop0,
2035 2532 2423 2606 ,commissum
2458 2535 2614 2593 esset

507 2617 546 2642 “
583 2616 887 2686 negotium
935 2634 971 2672 a
1020 2615 1271 2672 Domino
1335 2618 1500 2691 Papa
1558 2617 2007 2674 examinationis
2068 2632 2335 2689 personoe
2383 2615 2613 2671 Fratris

511 2701 549 2726 “
589 2699 629 2754 J
631 2700 876 2756 ohannis
912 2701 986 2756 de
1021 2701 1328 2768 Hertford,
1371 2702 1546 2759 electi
1599 2703 1661 2758 in
1697 2701 1990 2758 Abbatem
2029 2700 2375 2758 Monasterii
2414 2698 2615 2756 Sancti

513 2786 550 2811 “
587 2782 821 2850 Albani,
861 2790 921 2840 et
955 2785 1414 2842 confirmationis
1451 2785 1740 2857 ejusdem,
1781 2780 2074 2858 Episcopo
2128 2783 2518 2842 Londoniensi
2553 2783 2615 2836 in

512 2870 551 2895 ‘⁶
589 2867 745 2923 dicto
790 2869 1028 2940 negotio
1080 2875 1353 2926 excusato
1405 2870 1776 2936 litteratorie,
1843 2886 1950 2925 nos
2011 2870 2357 2925 electionem
2425 2867 2614 2939 ipsius

513 2954 551 2979 “
591 2951 633 3007 J
633 2953 877 3008 ohannis
912 2953 975 3008 in
1008 2954 1164 3010 hunc
1215 2953 1455 3010 modum
1504 2954 2087 3012 confirmamus.—-In
2125 2954 2360 3009 nomine
2395 2951 2611 3016 Patris,

514 3037 553 3063 “
591 3042 653 3092 et
685 3035 847 3104 Filii,
901 3041 963 3093 et
1017 3037 1273 3109 Spiritus
1313 3038 1532 3095 Sancti.
1623 3038 1955 3110 Inquisitis,
2012 3037 2333 3096 secundum
2367 3036 2617 3092 formam

515 3122 554 3147 ‘⁶
591 3118 927 3176 litterarum
961 3120 1200 3178 Domini
1238 3123 1434 3195 Papae,
1476 3136 1607 3194 quae
1654 3124 1814 3178 circa
1861 3136 2170 3194 personam
2206 3120 2379 3177 electi
2418 3118 2617 3176 Sancti

517 3207 555 3232 “
592 3202 827 3271 Albani,
877 3202 1108 3262 Fratris
1146 3206 1186 3260 J
1188 3207 1451 3272 ohannis,
1512 3211 1651 3262 sunt
1690 3206 2055 3278 inquirenda,
2106 3210 2234 3261 tum
2281 3221 2388 3277 per
2435 3207 2616 3259 testes

421 3336 430 3341 .
519 3291 557 3316 “
588 3290 838 3360 juratos,
876 3295 1008 3345 tum
1051 3304 1159 3361 per
1209 3291 1463 3363 propriae
1510 3302 1776 3362 personne
1831 3289 2335 3355 examinationem,
2396 3287 2619 3344 inveni-

518 3375 556 3400 “
594 3388 727 3429 mus
782 3388 919 3428 eum
978 3373 1054 3429 ad
1101 3375 1369 3446 regimen
1423 3373 1596 3430 ‹lictoe
1636 3373 1909 3430 Abbatiae
1976 3372 2400 3431 sufficient-‚eme
2463 3373 2619 3429 unde

521 3460 559 3484 “
597 3457 959 3523 electionem,
1023 3463 1305 3530 tanquam
1357 3458 1430 3513 de
1484 3471 1737 3529 persona
1785 3456 2014 3523 idonea,
2073 3458 2146 3512 de
2200 3458 2333 3530 ipso
2383 3457 2615 3522 factam,

522 3544 560 3568 ‘⁸
598 3541 944 3597 auctoritate
993 3541 1336 3613 Apostolica
1386 3542 1818 3598 confirmamus.
1894 3542 1969 3596 In
2008 3542 2182 3613 cujus
2235 3542 2326 3598 rei
2359 3543 2622 3599 testimo-

523 3628 560 3652 “
597 3626 783 3692 nium,
821 3624 939 3681 hiis
974 3625 1194 3683 litteris
1242 3625 1460 3683 nostris
1498 3626 1835 3698 patentibus
1873 3622 2144 3699 sigillum
2176 3631 2445 3684 nostrum
2480 3625 2622 3681 dux-

521 3711 561 3737 “
597 3710 754 3766 imus
808 3710 1230 3781 apponendum.
1304 3709 1457 3767 Acta
1503 3728 1653 3767 anno
1706 3710 1947 3766 Domini
1980 3710 2297 3767 millesimo
2350 3710 2623 3767 ducente-

523 3797 561 3821 “
600 3793 749 3851 simo
772 3794 1074 3849 tricesimo
1112 3794 1332 3867 quinto,
1359 3795 1455 3851 die
1479 3795 1660 3852 Lnnae
1684 3795 1951 3868 proxima
1983 3800 2119 3867 post
2153 3795 2395 3853 Festum
2422 3790 2623 3853 Sancti

525 3879 926 3945 “Laurentii,
957 3879 1115 3951 apud
1151 3879 1403 3936 Crucem
1439 3878 1767 3937 Boesiae.”¹

735 4038 902 4112 After
939 4042 978 4069 “
1003 4041 1185 4097 verbo
1218 4022 1534 4110 ιιι-,πῶς’
1551 4056 1699 4115 paye
1721 4043 1846 4109 311,
1877 4042 1992 4099 zm
2014 4040 2084 4098 25
2114 4042 2248 4113 (soz.
2274 4040 2345 4097 66
2369 4036 2440 4113 12.)

591 4160 721 4221 Rex
744 4170 960 4231 autem,
989 4183 1167 4237 super
1190 4162 1512 4237 praemissis
1538 4162 1912 4234 certificatus,
1940 4166 2274 4225 tenentibus
2310 4168 2383 4223 de
2411 4162 2623 4225 Sancto

525 4248 752 4306 Albano
789 4248 1046 4321 scripsit,
1083 4249 1150 4304 in
1182 4249 1307 4306 haec
1343 4250 1618 4307 verba.—

762 4388 1046 4446 Dome’mus
1081 4386 1203 4446 Rem
1237 4388 1430 4446 scribit
1465 4388 1778 4447 tmwntibue
1815 4385 1883 4446 de
1919 4389 2126 4449 Sancto
2160 4389 2402 4447 Albano.

602 4507 641 4532 “
666 4502 980 4571 Hem-icus,
1033 4501 1146 4558 Dei
1193 4504 1406 4577 gratia,
1456 4504 1587 4561 Rex
1629 4500 1888 4578 Angliae,
1940 4509 1992 4559 et
2042 4507 2258 4572 ooetera,
2308 4502 2617 4573 militibus,

532 4590 570 4616 “
608 4584 812 4645 liberis
833 4586 1186 4656 hominibus,
1226 4594 1286 4644 et
1321 4587 1590 4645 omnibus
1615 4586 1749 4645 aliis
1793 4586 2127 4646 tenentibus
2170 4590 2243 4647 de
2266 4590 2519 4647 Abbatia
2551 4591 2624 4647 de

600 4779 615 4811 ¹
641 4777 753 4828 The
785 4784 994 4828 context
1025 4779 1086 4828 cf
1109 4778 1221 4829 MS.
1243 4779 1381 4829 Nero
1405 4779 1471 4829 D.
1494 4778 1527 4828 i.
1621 4778 1735 4829 “In
1768 4779 1983 4829 crastino
2014 4780 2213 4845 ibitur?
2245 4797 2297 4845 p.
2337 4787 2437 4832 310
2491 4787 2623 4846 ante,

527 4858 575 4909 is
623 4857 896 4910 continued
946 4857 1068 4909 here
1120 4864 1177 4909 at
1230 4857 1317 4909 the
1360 4859 1530 4911 words
1622 4859 1831 4916 lineis.
