3450 5717
1438 786 1794 838 urmmx
1841 771 1974 861 (c),
2576 773 2706 839 503

603 961 644 990 “
677 965 822 1018 tere.
930 960 999 1018 Si
1060 962 1164 1034 qui
1222 965 1509 1033 praeterea
1567 959 1831 1016 fidelium
1889 958 2248 1016 Monasterio
2314 963 2531 1026 vestre,
2605 962 2709 1013 aut

603 1048 642 1074 “
683 1045 867 1103 Cellis
907 1045 982 1102 ad
1035 1044 1240 1118 ipsum
1291 1043 1752 1118 pertinentibus,
1809 1043 2116 1100 ecclesiam
2151 1048 2255 1100 aut
2286 1042 2713 1116 possessionem

603 1132 641 1158 ‘⁸
680 1131 959 1203 aliquam,
1001 1148 1107 1187 seu
1145 1130 1513 1195 beneficium,
1552 1128 1796 1202 pietatis
1842 1129 2063 1184 intuitu
2098 1129 2361 1185 conferre
2393 1127 2706 1193 voluerint,

603 1213 642 1241 “
680 1215 880 1271 nullus
917 1216 1155 1271 omnino
1192 1213 1408 1270 audeat
1440 1213 1752 1285 impedire.
1827 1208 2189 1284 Adjicientes
2225 1213 2422 1279 etiam,
2461 1211 2710 1268 auctori..

601 1300 639 1325 “
677 1303 799 1355 tate
848 1298 1190 1371 Apostolica
1239 1296 1638 1371 prohibemus,
1678 1301 1749 1352 ut
1798 1296 1997 1352 nullus
2047 1296 2316 1353 minister
2364 1297 2439 1353 de
2473 1300 2702 1363 caetero,

600 1385 639 1409 “
674 1382 920 1455 dapifer,
982 1383 1282 1447 videlicet,
1336 1381 1435 1439 vel
1505 1380 1804 1453 pincerna.
1869 1381 2257 1449 camerarius,
2320 1378 2703 1454 dispensator,

598 1468 636 1494 “
665 1467 908 1538 janitor,
965 1484 1072 1524 seu
1130 1467 1503 1539 praepositus,
1561 1481 1670 1536 per
1722 1482 1964 1519 manum
2031 1464 2236 1536 Regis,
2297 1465 2397 1522 vel
2454 1465 2704 1536 alicujus

600 1553 638 1577 “
675 1551 958 1623 principis
1017 1551 1375 1615 violentiam,
1440 1549 1606 1607 vobis
1657 1549 1882 1616 invitis,
1945 1548 2007 1603 in
2064 1554 2263 1604 vestro
2322 1548 2701 1615 MonasteriO,

602 1637 639 1661 “
676 1633 774 1691 vel
834 1634 1016 1691 Cellis
1078 1635 1155 1690 ad
1209 1634 1406 1705 ipsum
1459 1632 1913 1706 pertinentibus,
1970 1631 2295 1687 ordinetur.
2382 1631 2399 1664 ¹
2414 1633 2705 1704 Antiquae

602 1720 640 1745 ‘⁸
680 1736 910 1791 quoque
972 1717 1446 1783 consuetudines,
1487 1723 1548 1773 et
1606 1716 1877 1773 redditus
1924 1715 2278 1773 Monasterio
2311 1720 2509 1773 vestro
2544 1714 2703 1772 debi-

601 1804 638 1829 “
673 1807 801 1869 tosz
855 1803 1102 1867 scilicet,
1141 1802 1206 1858 in
1241 1807 1407 1859 sexta
1465 1801 1616 1857 feria
1672 1805 1807 1873 post
1863 1799 2279 1858 Ascensionem
2338 1798 2706 1857 Dominicam

599 1888 637 1915 ‘⁶
676 1885 750 1941 de
825 1903 1180 1958 unaquaque
1260 1902 1502 1942 carruca
1582 1884 2027 1941 Hertfordensis
2087 1882 2413 1940 Comitatus
2470 1884 2705 1941 obolum

597 1971 637 1998 “
673 1989 877 2037 unum,
941 1979 1003 2028 et
1067 1972 1132 2026 in
1191 1970 1397 2027 eadem
1447 1969 1561 2035 die,
1619 1968 1745 2026 sive
1796 1970 1861 2026 in
1895 1969 2261 2026 hebdomada
2305 1968 2700 2039 Pentecostes‚

597 2057 635 2082 “
674 2072 746 2111 ex
792 2060 914 2112 toto
952 2055 1252 2112 comitatu
1288 2054 1310 2087 ⁹
1325 2055 1588 2128 processi
1598 2071 1770 2112 onem
1808 2055 2138 2122 solennem3
2176 2054 2240 2109 in
2274 2055 2530 2111 secunda
2563 2074 2706 2113 vero

599 2143 636 2167 ‘⁴
677 2140 1026 2196 solennitate
1081 2140 1260 2196 Beati
1294 2139 1529 2205 Albani,
1591 2139 1664 2195 de
1702 2155 2056 2212 unaquaque
2115 2156 2359 2195 carruca
2397 2157 2703 2196 nummum

600 2226 638 2251 “
676 2243 895 2293 unum3
972 2225 1255 2296 itemque,
1330 2225 1534 2281 eadem
1604 2223 1720 2289 die,
1761 2223 1835 2279 de
1903 2240 2260 2295 unaquaque
2319 2223 2490 2279 domo
2523 2225 2704 2282 totius

597 2311 634 2335 ‘⁶
673 2314 849 2365 terrae
925 2308 1127 2365 Sancti
1183 2307 1398 2363 Albani
1434 2304 1456 2338 ³
1470 2326 1553 2364 nu
1564 2325 1789 2363 mmum
1850 2325 2079 2374 unum;
2128 2307 2297 2364 vobis
2357 2309 2703 2365 auctoritate

597 2395 635 2420 “
673 2388 1014 2465 Apostolica
1074 2392 1505 2458 confirmamus,
1572 2397 1634 2447 et
1690 2391 1996 2464 perpetuis
2050 2391 2410 2465 temporibus
2459 2392 2702 2449 inviola-

595 2479 634 2504 “
672 2477 875 2533 biliter
929 2477 1307 2549 praeoipimus
1356 2474 1675 2532 observari.
1797 2474 2184 2531 Decet-nimus
2238 2493 2399 2547 erge,
2437 2481 2507 2531 ut
2550 2476 2702 2532 nulli

597 2565 634 2589 “
673 2562 906 2617 omnino
954 2562 1256 2617 hominum
1306 2561 1483 2617 liceat
1554 2561 1959 2633 supradictum
2008 2559 2429 2616 Monasterium
2481 2565 2702 2617 temere

597 2650 636 2674 ‘⁶
672 2647 1033 2719 perturbare,
1086 2651 1189 2703 ant
1236 2647 1367 2718 ejus
1405 2646 1808 2717 possessiones
1863 2645 2121 2711 auferre,
2160 2645 2259 2701 vel
2307 2644 2533 2702 ablatas
2568 2647 2708 2702 reti-

599 2733 638 2757 “
675 2749 834 2796 nere,
902 2731 1189 2796 minuere,
1243 2748 1351 2787 seu
1401 2729 1763 2801 quibuslibet
1796 2728 2200 2785 vexationibus
2252 2729 2538 2801 fatigare3
2598 2731 2704 2787 sed

598 2817 635 2841 “
674 2814 904 2871 illibata
949 2815 1165 2880 omnia,
1207 2819 1268 2871 et
1302 2813 1555 2886 integra,
1596 2818 2021 2869 conserventur
2056 2830 2278 2878 eorum,
2317 2831 2426 2885 pro
2450 2831 2702 2885 quorum

595 2902 634 2926 ‘⁶
672 2898 1094 2970 gubernatione
1143 2904 1204 2954 et
1245 2897 1668 2954 sustentatione
1729 2914 2006 2953 concessa
2056 2903 2212 2962 sunt,
2272 2897 2481 2953 usibus
2517 2900 2699 2954 omni-

598 2985 636 3010 “
673 2982 864 3039 modis
910 2982 1236 3054 profutura,
1288 2981 1452 3037 salva
1509 2981 1573 3037 in
1621 2980 1891 3036 omnibus
1930 2980 2286 3053 Apostolicae
2336 2979 2508 3037 Sedis
2566 2999 2701 3037 auc-

597 3070 635 3094 “
673 3067 930 3123 toritate.
1010 3066 1078 3122 Si
1113 3085 1231 3138 qua
1262 3066 1454 3138 igitur
1478 3066 1541 3121 in
1589 3066 1859 3121 futurum
1907 3064 2306 3121 ecclesiastica
2328 3065 2701 3122 saecularisve

596 3154 634 3178 “
670 3150 693 3184 ⁴
709 3167 957 3222 persona
1020 3150 1171 3206 hanc
1218 3154 1434 3206 nostrae
1470 3148 1905 3207 constitutionis
1940 3148 2219 3220 paginam
2266 3148 2458 3205 sciens
2498 3155 2701 3206 contra

597 3238 635 3263 “
675 3240 896 3291 temere
941 3233 1146 3290 venire
1180 3232 1518 3297 tentaverit,
1574 3231 1837 3289 secundo
1872 3232 2123 3288 tertiove
2167 3233 2533 3300 commonita,
2583 3235 2701 3291 nisi

601 3322 641 3347 ‘⁸
678 3317 1205 3391 praesumptionem
1291 3334 1463 3373 suam
1536 3333 1801 3388 congrua
1884 3314 2281 3372 satisfactione
2357 3319 2693 3386 correxerit,

598 3405 637 3430 ‘⁶
675 3401 1003 3474 potestatis,
1072 3398 1431 3470 honorisque
1511 3400 1624 3466 sui,
1688 3398 1978 3470 dignitate
2025 3404 2241 3464 careat,
2302 3417 2580 3472 reamque
2632 3420 2696 3458 se

597 3490 634 3514 “
675 3485 874 3543 divino
902 3484 1130 3556 judicio
1167 3483 1419 3539 existere
1442 3483 1516 3539 de
1552 3486 1893 3555 perpetrata
1926 3481 2239 3554 iniquitate
2263 3489 2592 3555 cognoscat,
2636 3491 2697 3542 et

595 3574 635 3599 “
661 3558 710 3626 'a
745 3568 1114 3626 sanctissimo
1149 3586 1392 3641 corpore
1453 3585 1521 3623 ac
1557 3567 1845 3638 sanguine
1892 3566 2007 3623 Dei
2042 3575 2105 3624 et
2136 3567 2373 3623 Domini
2408 3567 2696 3641 Redemp-

596 3659 635 3684 “
673 3655 819 3711 toris
878 3653 1060 3709 Ihesu
1115 3652 1339 3709 Christi
1380 3651 1573 3707 aliena
1621 3651 1755 3718 fiat;
1809 3658 1984 3722 atque
2018 3652 2082 3706 in
2127 3657 2387 3708 extremo
2432 3652 2695 3710 examine

598 3743 638 3768 “
678 3739 966 3795 districtae
1047 3736 1261 3793 ultioni
1335 3736 1649 3808 subjaceat.
1765 3734 2007 3792 Cunctis
2074 3740 2269 3792 autem
2322 3736 2515 3793 eidem
2565 3737 2695 3794 loco

596 3826 633 3852 ‘⁶
674 3841 781 3879 sua
806 3821 949 3893 jura
984 3821 1378 3885 servantibus,
1432 3820 1511 3875 sit
1557 3837 1671 3892 pax
1707 3819 1946 3875 Domini
2007 3820 2194 3876 nostri
2230 3820 2411 3877 Ihesu
2446 3820 2689 3889 Christi,

597 3910 637 3936 ‘⁶
677 3909 961 3978 quatenus
1034 3910 1094 3959 et
1160 3905 1258 3961 hic
1330 3906 1591 3961 fructum
1651 3904 1819 3960 bonae
1882 3902 2125 3961 actionis
2187 3904 2209 3934 ⁸
2228 3906 2572 3978 percipiant,
2635 3913 2696 3963 et

595 3995 634 4019 “
672 3988 830 4062 apud
881 3987 1218 4045 districtum
1256 3988 1297 4044 J
1298 3988 1535 4045 udicem
1589 3988 1836 4060 praemia
1882 3995 2101 4045 aeterna
2154 3990 2315 4060 pacis
2372 3990 2690 4049 inveniant.

597 4079 635 4103 “
672 4074 882 4138 Amen,
923 4071 1137 4129 Amen.
1177 4073 1388 4129 Amen.
1463 4073 1626 4128 Bene
1660 4072 1915 4130 valete.”

662 4160 739 4237 -1-
774 4157 905 4229 Ego
977 4155 1268 4223 Clemens,
1362 4156 1678 4213 Catholicae
1769 4155 2052 4213 Ecclesiae
2137 4157 2483 4230 EpIscopus,
2558 4159 2691 4216 sub-

846 4258 1078 4312 scripsi.

661 4397 677 4427 ¹
703 4396 791 4447 De
806 4396 1025 4447 denariis
1047 4396 1302 4448 reddendis
1324 4398 1378 4446 in
1406 4413 1605 4462 procee-
1692 4397 2175 4464 Petra—Mammas
2188 4397 2321 4449 Note
2341 4398 2398 4448 in
2412 4398 2526 4452 MS.

594 4475 1155 4544 sionibus.-Marginal
1175 4477 1311 4527 Note
1334 4477 1390 4526 in
1417 4476 1530 4528 MS.
1760 4476 1783 4508 ⁴
1807 4476 2057 4527 Sententia
2111 4478 2608 4529 excommunicationis
2638 4480 2693 4529 in

664 4554 687 4586 ‘²
707 4555 796 4606 De
833 4555 1239 4623 processionibus.
1263 4585 1332 4594 —
1353 4556 1609 4623 Marginal
1695 4555 2294 4622 violatores.—Marginal
2316 4557 2447 4609 Note
2465 4557 2525 4609 in
2544 4558 2658 4611 MS.

605 4636 740 4687 Note
761 4635 819 4685 in
841 4636 957 4688 MS.
1653 4646 1658 4691 ἱ
1767 4637 1788 4669 ⁵
1817 4635 2109 4688 Benedictio
2194 4637 2693 4691 conservatoribus.—

666 4715 689 4749 ³
712 4713 800 4766 De
842 4715 1053 4769 denario
1088 4719 1176 4783 qui
1205 4718 1387 4770 dicitur
1431 4714 1615 4767 Sancti
1654 4702 1660 4751 Ι
1704 4715 1964 4783 Marginel
1983 4715 2194 4768 Notein
2215 4714 2328 4770 Me.
