3450 5717
835 805 965 867 520
1614 817 1973 869 APPENDIX
2019 806 2141 891 (D).

836 1026 873 1052 “
916 1025 1129 1082 Sancto
1173 1027 1423 1093 Alban0,
1489 1027 1762 1083 salutem.
1864 1028 2078 1084 Sciatis
2129 1028 2284 1099 quod
2320 1027 2597 1085 electioni
2645 1029 2817 1085 factas
2866 1029 2948 1085 de

833 1109 873 1136 “
911 1109 1118 1165 Fratre
1144 1110 1184 1164 J
1186 1112 1410 1166 ohanne
1448 1110 1522 1166 de
1558 1111 1860 1178 Hertford,
1900 1114 1962 1167 in
1994 1112 2288 1168 Abbatem
2331 1112 2535 1169 Sancti
2568 1112 2805 1180 Albani,
2850 1133 2947 1169 as-

833 1195 871 1221 “
910 1212 1145 1249 sensum
1167 1196 1403 1266 regium
1425 1196 1807 1267 praebuimus,
1835 1202 1896 1252 et
1931 1198 2209 1253 favorem.
2284 1197 2364 1252 Et
2397 1197 2533 1254 ideo
2568 1198 2736 1253 vobis
2772 1216 2947 1253 man-

832 1279 871 1304 ‘⁶
910 1277 1136 1344 damus,
1181 1279 1337 1350 quod
1369 1278 1565 1335 eidem
1588 1280 1787 1335 Fratri
1827 1281 1867 1336 J
1868 1281 2100 1345 ohanni‚
2129 1288 2408 1352 tanquam
2446 1281 2680 1337 domino
2716 1289 2942 1348 vestre,

832 1362 872 1388 “
909 1362 971 1416 in
1009 1363 1278 1419 omnibus
1328 1381 1459 1434 quae
1509 1363 1584 1418 ad
1621 1364 1966 1436 praedictam
2010 1364 2337 1421 Abbatiam·
2377 1366 2695 1436 pertinent,
2749 1367 2944 1422 inten-

831 1446 871 1472 “
908 1446 1112 1502 dentes
1150 1448 1301 1512 sitis,
1347 1454 1409 1502 et
1442 1447 1881 1519 respondentes.
1950 1449 2026 1503 In
2048 1449 2219 1519 cnjus
2253 1450 2343 1504 rei
2378 1449 2799 1515 testimonium,
2831 1450 2941 1506 has

832 1531 870 1556 “
906 1530 1136 1586 litteras
1173 1539 1403 1587 nostras
1438 1532 1567 1587 fieri
1609 1533 1861 1588 fecimus
1900 1538 2185 1604 patentes.
2278 1534 2453 1589 Teste
2490 1533 2740 1606 meipso,
2778 1534 2943 1605 apud

832 1616 868 1640 “
908 1613 1513 1680 westmonasterium,
1558 1620 1764 1672 octavo
1812 1616 2039 1673 decimo
2074 1616 2172 1672 die
2219 1615 2501 1689 Augusti,
2559 1634 2711 1673 anno
2760 1618 2937 1688 regni

834 1699 871 1724 ‘⁴
913 1697 1102 1752 nostri
1141 1695 1328 1754 ιιιοιιο
1365 1698 1655 1756 decimo.''

1638 1822 1824 1878 Abbas
1861 1827 2102 1879 creatur.

897 1928 1125 1985 Extunc
1168 1929 1356 2001 igitur
1409 1929 1630 1995 Abbas,
1684 1930 1949 2001 plenarie
2014 1929 2388 1994 constitutae,
2433 1930 2595 2000 cepit
2639 1929 2927 2000 homagia,

826 2019 887 2067 et
913 2012 1269 2083 juramenta,
1313 2020 1374 2068 et
1423 2013 1760 2077 fidelitates,
1802 2013 2066 2067 omnium
2104 2012 2377 2067 Abbatioe
2413 2012 2797 2077 subditorum,
2835 2014 2925 2066 in-

827 2097 1115 2161 stallatus,
1144 2102 1205 2151 et
1240 2097 1304 2151 in
1327 2096 1598 2152 omnibus
1622 2096 1824 2151 Abbas
1847 2096 2086 2152 habitus
2125 2102 2188 2151 et
2223 2097 2508 2152 firmatus.
2589 2096 2707 2152 Sed
2730 2103 2797 2151 ut
2816 2114 2933 2151 non

824 2179 1003 2235 lateat
1049 2181 1457 2252 simpliciores,
1522 2181 1778 2253 qualiter
1828 2198 1891 2236 se
1948 2180 2137 2252 gessit
2191 2179 2334 2235 dum
2380 2180 2602 2235 electus
2651 2185 2825 2242 esset,
2872 2187 2935 2234 et

827 2264 1081 2335 qualiter
1141 2265 1206 2320 in
1252 2270 1555 2336 posterum
1618 2283 1680 2321 se
1732 2282 1943 2336 gerere
2010 2264 2184 2320 debet
2233 2264 2479 2332 electus,
2544 2265 2936 2336 praesentibus

825 2348 1098 2404 duximus
1137 2348 1606 2407 inserendum.—

1364 2492 1626 2559 Qualiter
1660 2510 1720 2546 se
1756 2510 1940 2564 qao-ere
1978 2491 2129 2547 debet
2164 2491 2384 2547 electus.

895 2584 1214 2674 Postquam
1254 2580 1538 2658 electbres
1577 2602 2030 2657 nominaverunt
2077 2601 2330 2656 electum
2384 2601 2625 2673 proprio
2674 2602 2932 2665 nomine,

823 2703 959 2740 cum
997 2684 1195 2757 aliquo
1234 2687 1482 2756 adject0‚
1523 2686 1625 2752 ita,
1668 2686 1912 2751 scilicet,
1942 2684 2101 2758 quod
2123 2702 2274 2740 unus
2313 2684 2635 2740 electorum
2660 2685 2941 2756 loquatur

822 2787 929 2841 pro
954 2771 1223 2825 omnibus
1248 2771 1383 2825 aliis
1409 2769 1782 2834 electoribus,
1810 2770 2070 2841 praestito
2107 2786 2350 2824 assensu
2392 2769 2619 2823 Prioris
2656 2776 2717 2824 et
2750 2770 2937 2824 totius

823 2853 1179 2918 Conventus,
1218 2862 1427 2926 surgat
1451 2854 1710 2918 electus;
1750 2859 1825 2919 et,
1855 2858 2096 2925 accepta
2118 2853 2308 2920 venia,
2340 2853 2636 2925 supplicet
2658 2854 2933 2909 omnibus

820 2943 890 2991 ut
936 2943 1106 2991 orent
1154 2954 1264 3008 pro
1315 2955 1405 3002 ec,
1457 2937 1616 3009 quod
1664 2937 1826 2993 Deus
1876 2937 1977 2992 det
2030 2937 2121 2992 illi
2175 2937 2260 2993 sic
2311 2954 2516 2992 curam
2564 2944 2624 2992 et
2670 2937 2935 2992 officium

822 3019 1139 3091 suscipere,
1190 3018 1300 3076 hoc
1340 3025 1408 3076 ut
1448 3020 1524 3075 ad
1561 3021 1841 3076 honorem
1877 3019 1992 3075 Dei
2028 3025 2089 3077 et
2122 3020 2426 3087 Ecclesiae,
2468 3026 2529 3076 et
2560 3020 2767 3075 animae
2802 3039 2937 3077 suae

819 3103 921 3159 fiat
957 3103 1359 3160 salvationem.
1431 3103 1615 3160 Facta
1655 3111 1852 3160 autem
1885 3105 2145 3160 oratione
2172 3123 2207 3160 a
2229 3105 2436 3160 Priore
2475 3104 2629 3176 quod
2664 3105 2749 3160 sic
2792 3105 2925 3170 fiat,

818 3188 971 3243 utin
995 3188 1107 3243 fine
1132 3188 1431 3253 orationis,
1458 3189 1846 3260 respondente
1873 3188 2291 3244 Conventu—-“
2313 3188 2567 3254 Amen,”
2607 3188 2933 3260 incipiatur

819 3272 1157 3327 solemniter
1179 3273 1547 3347 hymnus—“
1565 3273 1647 3328 Te
1672 3272 1865 3327 Deum
1888 3270 2196 3327 laudamus
2215 3271 2271 3338 ;”
2310 3278 2372 3328 et
2393 3271 2645 3328 ducatur
2668 3272 2934 3328 modeste

819 3363 880 3411 et
903 3356 1167 3413 ordinate
1195 3357 1526 3426 (assistente
1549 3356 1759 3411 Priore
1784 3356 1840 3411 ei
1863 3357 1928 3411 in
1962 3373 2079 3411 uno
2100 3355 2304 3421 latere,
2336 3355 2658 3427 Suppriore
2695 3356 2757 3410 in
2791 3355 2930 3419 alic,

817 3462 950 3499 cum
990 3444 1123 3499 aliis
1165 3442 1535 3515 dignioribus
1574 3442 1839 3498 ecclesiae
1875 3442 2139 3514 personis
2176 3440 2608 3514 propinquius,)
2648 3440 2711 3495 in
2749 3441 2935 3496 eccle-

820 3529 1002 3594 siam3
1044 3534 1104 3582 et
1138 3526 1680 3598 proesentetur*Deo
1705 3531 1766 3581 et
1804 3525 2017 3581 Sancto
2051 3524 2305 3595 Martyri
2331 3524 2578 3591 Albano,
2621 3524 2699 3580 ad
2731 3525 2925 3596 majus

818 3612 1022 3676 altare,
1049 3612 1284 3683 pulsato
1309 3611 1577 3676 classico,
1606 3610 1950 3666 sonantibus
2002 3609 2285 3666 chalamie
2311 3609 2484 3682 (quos
2514 3612 2552 3638 “
2572 3609 2868 3665 burdones
2886 3610 2928 3632 ”

818 3693 1202 3767 appellamus)
1243 3713 1378 3750 cum
1411 3694 1738 3766 horologiO,
1775 3695 2154 3765 accensisque
2190 3695 2376 3749 cereis
2416 3694 2575 3749 circa
2611 3693 2813 3757 altare,
2866 3699 2933 3748 et

817 3779 1182 3850 discooperto
1223 3779 1461 3833 feretro.
1537 3778 1617 3833 Et
1663 3786 1788 3834 toto
1835 3796 2077 3850 corpore
2124 3783 2472 3849 prostratus,
2525 3777 2746 3833 electus
2794 3784 2929 3832 oret

816 3863 1094 3928 breviter,
1138 3862 1244 3918 sed
1285 3861 1767 3933 praecordialiter,
1806 3866 1876 3917 ut
1912 3862 2128 3932 dignus
2164 3867 2329 3916 tanto
2363 3861 2584 3916 honore
2620 3860 2928 3915 habeatur.

816 3948 896 4003 Et
917 3953 1074 4003 tacta
1094 3946 1247 4011 nola,
1287 3945 1383 4002 cui
1424 3949 1461 3973 “
1478 3946 1704 4011 muta‚”
1749 3947 1900 4001 vel‘
1910 3944 2173 4012 ‘scilla,”
2200 3949 2291 4001 est
2323 3962 2554 4009 nomen,
2581 3944 2932 3999 terminetur

816 4032 1040 4089 sonitus
1076 4030 1199 4096 ille,
1229 4036 1291 4086 et
1326 4036 1485 4086 totus
1521 4029 1835 4095 tumultus,
1864 4029 2212 4101 dicaturque
2236 4030 2309 4084 ab
2334 4029 2723 4085 omnibus—“
2741 4027 2924 4084 Pater

843 4119 1111 4171 ‘.noster
1120 4115 1154 4139 ’⁹
1216 4114 1296 4170 Et
1338 4112 1529 4178 Prior,
1534 4116 1625 4154 -‘
1634 4114 1758 4171 ‘Et
1792 4131 1866 4169 nc
1909 4131 2033 4171 nos.
2040 4114 2075 4138 ’⁹
2152 4113 2524 4178 versiculus,
2530 4116 2623 4152 -‘
2632 4112 2919 4169 ‘Salvum

817 4203 856 4228 ‘⁸
893 4201 988 4256 fac
1048 4216 1290 4263 servum
1348 4204 1539 4262 tuum,
1599 4197 1764 4254 Deus
1813 4216 1999 4255 meus.
2087 4197 2267 4254 Mitte
2331 4198 2408 4263 ei,
2460 4197 2733 4261 Domine,
2783 4214 2930 4252 aux·

818 4288 856 4313 “
893 4285 1064 4340 ilium
1105 4283 1179 4339 de
1221 4288 1439 4348 sanct0,
1474 4288 1533 4337 et
1572 4282 1644 4337 de
1690 4282 1917 4354 Spiritu
1957 4288 2126 4339 tuere
2164 4301 2317 4339 eum.
2395 4282 2683 4338 Dominus
2718 4282 2911 4337 vobis-

816 4374 858 4399 “
897 4388 1050 4435 cum,
1095 4373 1149 4424 et
1200 4366 1459 4424 coetera.'’
1555 4366 1895 4433 Oratio,--“
1924 4366 2305 4440 Omnipotens
2345 4368 2701 4439 sempiterne
2738 4366 2932 4422 Deus,

816 4457 856 4482 ‘⁸
893 4454 1087 4525 dirige
1127 4454 1282 4508 hunc
1319 4451 1607 4507 famulum
1646 4455 1854 4509 ⁸tuum
1889 4451 1952 4505 in
1992 4451 2152 4506 viam
2191 4451 2402 4509 salutis
2440 4456 2696 4517 aeternae,
2735 4456 2820 4514 ut,
2864 4456 2928 4506 te

817 4541 856 4567 ‘⁴
895 4538 1160 4603 donante,
1218 4537 1328 4593 tibi
1377 4536 1597 4609 placita
1649 4536 1870 4607 cupiat,
1929 4540 1988 4590 et
2038 4540 2163 4590 tota
2198 4535 2419 4591 virtute
2468 4536 2755 4607 perficiat,
2814 4552 2927 4607 per

880 4712 898 4745 ¹
920 4710 1013 4763 xii.
1033 4711 1090 4761 in
1110 4711 1222 4762 MS.
1246 4711 1581 4776 erroneously.
1696 4711 1699 4715 ’
1983 4709 2005 4743 ⁸
2029 4710 2254 4762 Omitted
2270 4709 2524 4762 inWats’s
2537 4719 2649 4764 text
2669 4733 2684 4773 ς
2707 4710 2923 4763 inserted

879 4791 902 4825 2
924 4789 1126 4841 calamis
1145 4790 1202 4840 in
1225 4789 1413 4841 Wats’s
1434 4797 1555 4840 text.
1919 4791 1974 4841 in
1996 4791 2082 4843 the
2103 4792 2298 4857 margin
2320 4791 2381 4842 of
2403 4790 2520 4844 MS.
2538 4792 2674 4843 Nem
2694 4790 2761 4842 D.
2785 4791 2820 4843 i.
