3450 5717
1064 839 1489 891 uomsmnn
1534 839 1780 889 smol-1
1824 835 2093 887 ALnAm.
2127 843 2136 850 ·
2493 821 2622 885 345

528 1026 692 1092 tatis
736 1025 1080 1108 velamine,
1131 1026 1372 1092 clarius
1422 1026 1521 1091 rei
1564 1026 1917 1090 veritatem
1977 1025 2321 1110 magnates
2367 1018 2631 1107 inspici·
2686 1031 2828 1085 John
2846 1031 2935 1094 11„

530 1135 731 1209 entes,
783 1129 1173 1216 praedictum
1232 1127 1571 1216 judicium,
1641 1132 1958 1214 tanquam
2010 1126 2191 1191 fatue
2243 1123 2633 1212 pronuncia·
2705 1101 2896 1217 ›2223ss

528 1236 693 1310 tum,
745 1232 1008 1318 penitus
1052 1230 1184 1298 fuit
1234 1231 1661 1297 infirmatum.
1760 1229 1950 1310 Quod
2004 1227 2326 1295 credimus
2377 1226 2633 1294 meritis
2744 1234 2877 1282 A-D·
2898 1203 2915 1229 ’

530 1333 722 1399 Beati
772 1333 1023 1399 Albani
1072 1334 1380 1413 evenisse,
1427 1334 1542 1420 qui
1587 1354 1726 1398 non
1778 1332 2139 1398 humanam
2186 1331 2514 1397 malitiam
2558 1329 2631 1394 in
2693 1303 2936 1350 ¹²³⁵‘60'

528 1439 795 1501 tantum
842 1436 1206 1502 invaluisse
1256 1437 1574 1524 permisit,
1618 1441 1698 1500 ut
1749 1440 1890 1500 tam
1946 1434 2307 1501 enormiter
2353 1433 2495 1521 ejus
2522 1432 2633 1499 lae·
2656 1431 2754 1512 §¹²³⁸
2775 1432 2849 1481 in-

535 1538 801 1604 deretur
874 1538 1158 1616 ecclesia,
1229 1543 1430 1625 prout
1503 1537 1644 1623 ejus
1707 1536 1960 1603 inimici
2012 1540 2505 1623 proposuerant,
2567 1539 2636 1601 et
2652 1498 2933 1631 ‚322¹anss

536 1650 945 1709 conarentur.
1019 1643 1195 1725 Quia
1233 1645 1289 1709 si
1329 1643 1831 1731 praevaricantis
1862 1643 2139 1709 Henrici
2178 1643 2259 1709 de
2294 1640 2319 1681 ¹
2337 1641 2405 1707 la
2436 1642 2634 1717 Mara„

535 1747 653 1833 qui
703 1751 809 1812 tot
852 1745 1154 1813 laborum
1200 1751 1269 1812 et
1313 1768 1752 1834 expensarum
1799 1767 2060 1811 causam
2113 1744 2404 1832 praebuit
2448 1744 2639 1810 semi-

536 1848 811 1928 nariam,
892 1849 1194 1935 iniquum
1292 1846 1619 1934 judicium
1694 1868 1831 1912 non
1906 1853 2342 1927 revocaretur,
2426 1845 2641 1911 multa

542 1954 972 2036 sequerentur
1032 1950 1463 2030 incommoda,
1528 1948 1956 2016 libertatibus
2036 1948 2324 2015 ecclesiae
2394 1953 2641 2014 nostrae

546 2053 812 2118 usitatis
854 2053 1308 2141 repugnantia.

629 2156 870 2237 Primo,
919 2157 1096 2243 quod
1141 2178 1395 2243 semper
1439 2178 1556 2244 per
1600 2162 1941 2232 retornum
1984 2154 2227 2234 brevis,
2259 2176 2377 2243 per
2419 2153 2641 2220 omnia
2666 2171 2848 2222 Incon-

484 2281 498 2295 ·
539 2257 743 2324 verba
786 2259 859 2323 in
900 2258 1090 2325 brevi
1135 2259 1407 2324 Domini
1446 2260 1647 2348 Regis
1691 2263 2023 2339 contenta,
2060 2256 2314 2324 solebat
2356 2257 2643 2322 ballivus
2665 2239 2932 2355 ζῗξξξοω

540 2365 765 2427 noster
808 2360 1164 2449 placitare3
1209 2367 1279 2427 et
1328 2362 1386 2426 si
1430 2367 1591 2428 tunc
1626 2361 2035 2447 judicialiter
2079 2360 2270 2427 nobis
2317 2364 2486 2427 esset
2532 2360 2640 2425 de·
2666 2372 2834 2421 would
2849 2371 2981 2422 have

541 2470 875 2555 negatum,
919 2488 1036 2555 per
1087 2468 1367 2554 simplex
1425 2468 1815 2533 mandatum
1882 2467 2324 2553 cujuscunque
2377 2466 2645 2531 Viceco-
2666 2438 2953 2564 ἓξὲξ-ξω,

541 2568 723 2635 mitis
760 2568 1164 2636 Hertfordiae
1198 2574 1467 2656 possent
1510 2570 1755 2657 placita
1783 2569 2109 2635 libertatis
2137 2575 2382 2635 nostrae
2426 2590 2644 2634 coram
2668 2570 2719 2621 if
2739 2571 2782 2621 it
2803 2570 2904 2621 had

540 2693 618 2738 eo
679 2671 981 2759 placitari
1047 2672 1119 2737 in
1194 2694 1346 2738 casu
1434 2672 1773 2753 consimili,
1841 2695 1978 2738 non
2046 2671 2353 2738 obstante
2418 2671 2649 2737 charta
2670 2638 2827 2689 Μ

541 2774 872 2839 libertatis
922 2779 1183 2853 nostrae,
1234 2775 1306 2839 in
1352 2778 1762 2862 perpetuum.
1875 2774 2080 2839 Aliud
2129 2796 2286 2841 vero
2339 2775 2650 2840 inconve-

542 2876 731 2942 niens
753 2878 1036 2964 3—quod
1095 2877 1154 2942 si
1198 2876 1494 2943 homines
1535 2877 1864 2943 libertatis
1923 2881 2169 2943 nostrae
2212 2883 2374 2943 tunc
2435 2878 2652 2943 venis-

543 2982 691 3045 sent
741 2979 919 3066 apud
972 2978 1407 3058 Chesthunte,
1459 3001 1609 3065 quae
1663 2983 1765 3045 est
1832 2983 2026 3044 extra
2073 2979 2450 3045 libertatem
2504 3001 2654 3045 nos·

542 3088 734 3160 tram,
780 3085 849 3148 et
898 3081 1050 3166 hoc,
1078 3081 1406 3161 videlicet,
1436 3087 1610 3147 esset
1660 3081 2015 3160 decretum,
2065 3086 2133 3146 et
2180 3103 2300 3170 per
2343 3082 2653 3148 reclama-

544 3184 795 3249 tionem
844 3189 1141 3249 nostram
1198 3183 1383 3248 nullo
1429 3183 1623 3248 modo
1668 3188 1839 3249 esset
1888 3187 2288 3260 revocatum,
2329 3183 2656 3249 Dominus

547 3286 694 3351 Rex
746 3285 993 3351 diceret
1043 3306 1112 3351 se
1173 3307 1309 3351 esse
1361 3285 1435 3350 in
1486 3284 1888 3372 possessione
1916 3305 2035 3372 per
2086 3284 2253 3350 illud
2300 3286 2652 3365 decretum,

545 3389 616 3452 et
658 3387 751 3452 sic
793 3387 1168 3453 traheretur
1216 3388 1303 3454 ad
1343 3386 1876 3473 consequentiam
1921 3387 2098 3467 facti,
2142 3387 2320 3473 quod
2359 3387 2657 3453 homines

546 3489 877 3555 libertatis
934 3497 1178 3556 nostrae
1218 3490 1305 3556 ad
1358 3488 1725 3576 quamlibet
1788 3489 2346 3555 submonitionem
2397 3513 2655 3558 necesse

547 3589 576 3626 ²
594 3590 912 3658 haberent
955 3592 1184 3658 venire
1237 3597 1433 3657 extra
1486 3590 1864 3657 libertatem
1916 3592 2319 3678 praedictam,
2373 3615 2492 3680 pro
2542 3617 2657 3660 vo-

546 3693 808 3760 luntate
847 3695 895 3759 J
895 3694 1383 3761 usticiariorum
1418 3693 1527 3759 vel
1566 3694 2038 3778 inquisitorum
2102 3693 2374 3759 Domini
2442 3697 2656 3784 Regis,

550 3796 844 3862 Tertium
875 3797 1198 3885 siquidem
1234 3795 1723 3862 incommodum
1750 3795 2145 3875 3-eeclesiae
2174 3803 2419 3865 nostrae
2448 3799 2658 3885 magis

549 3905 718 3965 esset
772 3921 1134 3991 onerosum,
1191 3899 1362 3984 quod
1412 3899 1472 3964 si
1518 3897 1816 3964 homines
1866 3898 2196 3965 libertatis
2246 3905 2491 3967 nostrae
2540 3901 2659 3966 ali-

549 4024 684 4089 qua
732 4002 816 4069 de
867 4023 1062 4069 causa
1110 4008 1326 4068 essent
1369 3999 1707 4067 amerciati
1748 4022 1967 4066 eoram
2008 4001 2295 4068 Domino
2344 4003 2523 4091 Rege
2552 4003 2660 4069 vel

548 4105 594 4170 J
596 4104 968 4184 usticiariis,
1030 4125 1145 4169 seu
1211 4103 1707 4190 quibuscunque
1766 4103 2282 4190 inquisitoribus,
2336 4127 2456 4193 per
2518 4106 2660 4186 hoc,

550 4206 728 4293 quod
777 4211 1045 4272 centum
1096 4206 1302 4283 librae,
1351 4206 1436 4272 ad
1507 4227 1673 4292 quas
1722 4203 1752 4244 ³
1768 4206 2137 4273 amerciatae
2187 4205 2458 4274 fuerunt
2503 4210 2665 4276 villa

550 4314 622 4373 et
672 4308 946 4375 libertas
999 4307 1232 4374 Sancti
1284 4307 1550 4387 Albani,
1603 4307 2001 4394 adjudicatae
2052 4308 2331 4375 fiiissent
2376 4311 2663 4379 Domino

548 4411 759 4499 Reg13
804 4417 873 4477 et
919 4411 1165 4477 diceret
1210 4410 1537 4475 Dominus
1583 4409 1753 4490 Reiz,
1804 4410 1919 4496 qui
1965 4433 2085 4498 pro
2129 4417 2429 4500 tempore
2475 4419 2665 4494 esset,

551 4514 776 4580 omnia
820 4513 1327 4580 amerciamenta
1372 4512 1717 4578 hominum
1747 4517 2142 4593 nostrorum,
2187 4536 2404 4581 coram
2451 4539 2528 4583 eo
2557 4518 2666 4583 vel

625 4736 639 4770 ¹
666 4736 718 4788 Ια
742 4738 951 4788 omitted
973 4739 1025 4787 in
1047 4738 1162 4788 MS.
1184 4737 1322 4787 Nero
1344 4736 1407 4786 D.
1432 4736 1465 4788 i.
1659 4738 1920 4788 corrected
1941 4736 2074 4787 from
2095 4739 2208 4790 MS.
2231 4741 2366 4792 Nero
2388 4743 2452 4794 D.
2477 4744 2512 4794 i.

623 4815 644 4849 2
666 4816 867 4867 haberet
897 4816 950 4867 in
975 4817 1086 4868 MS.
1109 4816 1350 4869 Claudius
1384 4816 1443 4867 Ε.
1467 4814 1531 4866 iv.
1552 4837 1566 4877 ς
1727 4817 1750 4849 ³
1775 4818 2030 4867 amerciaei
2050 4818 2103 4868 in
2125 4819 2210 4871 the
2235 4820 2383 4874 MSS.
